%YAML 1.1
%TAG !u! tag:unity3d.com,2011:
--- !u!29 &1
Scene:
  m_ObjectHideFlags: 0
  m_PVSData: 
  m_QueryMode: 1
  m_PVSObjectsArray: []
  m_PVSPortalsArray: []
  m_OcclusionBakeSettings:
    viewCellSize: 1
    bakeMode: 2
    memoryUsage: 10485760
--- !u!104 &2
RenderSettings:
  m_Fog: 1
  m_FogColor: {r: 0, g: .239215687, b: .282352954, a: 1}
  m_FogMode: 2
  m_FogDensity: .0599999987
  m_LinearFogStart: 0
  m_LinearFogEnd: 300
  m_AmbientLight: {r: .196480274, g: .313432813, b: .264361799, a: 1}
  m_SkyboxMaterial: {fileID: 2100000, guid: a2126534b3a11b34e977105bd9e3cc03, type: 2}
  m_HaloStrength: .5
  m_FlareStrength: 1
  m_HaloTexture: {fileID: 0}
  m_SpotCookie: {fileID: 0}
  m_ObjectHideFlags: 0
--- !u!127 &3
GameManager:
  m_ObjectHideFlags: 0
--- !u!157 &4
LightmapSettings:
  m_ObjectHideFlags: 0
  m_LightProbes: {fileID: 0}
  m_Lightmaps: []
  m_LightmapsMode: 1
  m_BakedColorSpace: 0
  m_UseDualLightmapsInForward: 0
  m_LightmapEditorSettings:
    m_Resolution: 20
    m_LastUsedResolution: 20
    m_TextureWidth: 1024
    m_TextureHeight: 1024
    m_BounceBoost: 2
    m_BounceIntensity: 1
    m_SkyLightColor: {r: .338382691, g: .405315578, b: .462686539, a: 1}
    m_SkyLightIntensity: .699999988
    m_Quality: 0
    m_Bounces: 2
    m_FinalGatherRays: 1000
    m_FinalGatherContrastThreshold: .0500000007
    m_FinalGatherGradientThreshold: .0250000004
    m_FinalGatherInterpolationPoints: 15
    m_AOAmount: 1
    m_AOMaxDistance: .5
    m_AOContrast: 1
    m_LODSurfaceMappingDistance: 1
    m_Padding: 0
    m_TextureCompression: 0
    m_LockAtlas: 0
--- !u!1 &46
GameObject:
  m_ObjectHideFlags: 0
  m_PrefabParentObject: {fileID: 0}
  m_PrefabInternal: {fileID: 0}
  serializedVersion: 3
  m_Component:
  - 4: {fileID: 2523}
  - 114: {fileID: 9527}
  - 114: {fileID: 9526}
  m_Layer: 0
  m_Name: UsePhoton
  m_TagString: Untagged
  m_Icon: {fileID: 0}
  m_NavMeshLayer: 0
  m_StaticEditorFlags: 0
  m_IsActive: 1
--- !u!1 &47
GameObject:
  m_ObjectHideFlags: 0
  m_PrefabParentObject: {fileID: 100000, guid: 213881b3e548aee41a62324f9c596000, type: 2}
  m_PrefabInternal: {fileID: 9722}
  serializedVersion: 3
  m_Component:
  - 4: {fileID: 2524}
  - 132: {fileID: 9425}
  m_Layer: 0
  m_Name: PlayerNamePrefab
  m_TagString: Untagged
  m_Icon: {fileID: 0}
  m_NavMeshLayer: 0
  m_StaticEditorFlags: 0
  m_IsActive: 1
--- !u!1 &48
GameObject:
  m_ObjectHideFlags: 0
  m_PrefabParentObject: {fileID: 0}
  m_PrefabInternal: {fileID: 0}
  serializedVersion: 3
  m_Component:
  - 4: {fileID: 2525}
  m_Layer: 0
  m_Name: Game
  m_TagString: Untagged
  m_Icon: {fileID: 0}
  m_NavMeshLayer: 0
  m_StaticEditorFlags: 0
  m_IsActive: 1
--- !u!1 &215
GameObject:
  m_ObjectHideFlags: 0
  m_PrefabParentObject: {fileID: 0}
  m_PrefabInternal: {fileID: 0}
  serializedVersion: 3
  m_Component:
  - 4: {fileID: 4268}
  - 114: {fileID: 9618}
  m_Layer: 0
  m_Name: QualityManager
  m_TagString: Untagged
  m_Icon: {fileID: 0}
  m_NavMeshLayer: 0
  m_StaticEditorFlags: 0
  m_IsActive: 1
--- !u!1 &387
GameObject:
  m_ObjectHideFlags: 0
  m_PrefabParentObject: {fileID: 0}
  m_PrefabInternal: {fileID: 0}
  serializedVersion: 3
  m_Component:
  - 4: {fileID: 4385}
  m_Layer: 0
  m_Name: Lights
  m_TagString: Untagged
  m_Icon: {fileID: 0}
  m_NavMeshLayer: 0
  m_StaticEditorFlags: 0
  m_IsActive: 1
--- !u!1 &390
GameObject:
  m_ObjectHideFlags: 0
  m_PrefabParentObject: {fileID: 100000, guid: acdc711b404f4405ba9c5b60dc847973, type: 2}
  m_PrefabInternal: {fileID: 10358}
  serializedVersion: 3
  m_Component:
  - 4: {fileID: 4259}
  - 114: {fileID: 9580}
  m_Layer: 0
  m_Name: SoundObjectManager
  m_TagString: Untagged
  m_Icon: {fileID: 0}
  m_NavMeshLayer: 0
  m_StaticEditorFlags: 0
  m_IsActive: 1
--- !u!1 &850
GameObject:
  m_ObjectHideFlags: 0
  m_PrefabParentObject: {fileID: 100000, guid: 498264db9e11242b183c915d769ed9f8, type: 2}
  m_PrefabInternal: {fileID: 10359}
  serializedVersion: 3
  m_Component:
  - 4: {fileID: 4260}
  - 114: {fileID: 9582}
  m_Layer: 0
  m_Name: SoundManager
  m_TagString: Untagged
  m_Icon: {fileID: 0}
  m_NavMeshLayer: 0
  m_StaticEditorFlags: 0
  m_IsActive: 1
--- !u!1 &1186
GameObject:
  m_ObjectHideFlags: 0
  m_PrefabParentObject: {fileID: 0}
  m_PrefabInternal: {fileID: 0}
  serializedVersion: 3
  m_Component:
  - 4: {fileID: 4384}
  - 108: {fileID: 9411}
  m_Layer: 0
  m_Name: Directional light
  m_TagString: Untagged
  m_Icon: {fileID: 0}
  m_NavMeshLayer: 0
  m_StaticEditorFlags: 0
  m_IsActive: 1
--- !u!1 &1199
GameObject:
  m_ObjectHideFlags: 0
  m_PrefabParentObject: {fileID: 0}
  m_PrefabInternal: {fileID: 0}
  serializedVersion: 3
  m_Component:
  - 4: {fileID: 4996}
  m_Layer: 0
  m_Name: Terrains
  m_TagString: Untagged
  m_Icon: {fileID: 0}
  m_NavMeshLayer: 0
  m_StaticEditorFlags: 0
  m_IsActive: 1
--- !u!1 &1404
GameObject:
  m_ObjectHideFlags: 0
  m_PrefabParentObject: {fileID: 0}
  m_PrefabInternal: {fileID: 0}
  serializedVersion: 3
  m_Component:
  - 4: {fileID: 4258}
  - 114: {fileID: 9698}
  - 114: {fileID: 9537}
  m_Layer: 0
  m_Name: _GameManager
  m_TagString: Untagged
  m_Icon: {fileID: 0}
  m_NavMeshLayer: 0
  m_StaticEditorFlags: 0
  m_IsActive: 1
--- !u!1 &1439
GameObject:
  m_ObjectHideFlags: 0
  m_PrefabParentObject: {fileID: 100000, guid: 3a82b3a3466bc4ccbb44eed42c5887f8, type: 2}
  m_PrefabInternal: {fileID: 9723}
  serializedVersion: 3
  m_Component:
  - 4: {fileID: 4269}
  - 114: {fileID: 9583}
  - 82: {fileID: 9398}
  m_Layer: 0
  m_Name: MainMenuScreen
  m_TagString: Untagged
  m_Icon: {fileID: 0}
  m_NavMeshLayer: 0
  m_StaticEditorFlags: 0
  m_IsActive: 1
--- !u!1 &1856
GameObject:
  m_ObjectHideFlags: 0
  m_PrefabParentObject: {fileID: 0}
  m_PrefabInternal: {fileID: 0}
  serializedVersion: 3
  m_Component:
  - 4: {fileID: 4997}
  - 114: {fileID: 9619}
  - 154: {fileID: 9485}
  m_Layer: 15
  m_Name: NearTerrain
  m_TagString: dirt
  m_Icon: {fileID: 0}
  m_NavMeshLayer: 0
  m_StaticEditorFlags: 4294967295
  m_IsActive: 1
--- !u!4 &2523
Transform:
  m_ObjectHideFlags: 0
  m_PrefabParentObject: {fileID: 0}
  m_PrefabInternal: {fileID: 0}
  m_GameObject: {fileID: 46}
  m_LocalRotation: {x: 0, y: 0, z: 0, w: 1}
  m_LocalPosition: {x: 3.67617702, y: -5.13804913, z: 11.4926825}
  m_LocalScale: {x: 1, y: 1, z: 1}
  m_LocalEulerAnglesHint: {x: 0, y: 0, z: 0}
  m_Children: []
  m_Father: {fileID: 4258}
--- !u!4 &2524
Transform:
  m_ObjectHideFlags: 0
  m_PrefabParentObject: {fileID: 400000, guid: 213881b3e548aee41a62324f9c596000, type: 2}
  m_PrefabInternal: {fileID: 9722}
  m_GameObject: {fileID: 47}
  m_LocalRotation: {x: 0, y: 0, z: 0, w: 1}
  m_LocalPosition: {x: .00999999978, y: .995000005, z: 0}
  m_LocalScale: {x: 1, y: 1, z: 1}
  m_LocalEulerAnglesHint: {x: 0, y: 0, z: 0}
  m_Children: []
  m_Father: {fileID: 4258}
--- !u!4 &2525
Transform:
  m_ObjectHideFlags: 0
  m_PrefabParentObject: {fileID: 0}
  m_PrefabInternal: {fileID: 0}
  m_GameObject: {fileID: 48}
  m_LocalRotation: {x: 0, y: 0, z: 0, w: 1}
  m_LocalPosition: {x: 786.697266, y: 1.04999995, z: 126.330032}
  m_LocalScale: {x: 1, y: 1, z: 1}
  m_LocalEulerAnglesHint: {x: 0, y: 0, z: 0}
  m_Children: []
  m_Father: {fileID: 0}
--- !u!4 &4258
Transform:
  m_ObjectHideFlags: 0
  m_PrefabParentObject: {fileID: 0}
  m_PrefabInternal: {fileID: 0}
  m_GameObject: {fileID: 1404}
  m_LocalRotation: {x: 0, y: 0, z: 0, w: 1}
  m_LocalPosition: {x: 0, y: 0, z: 0}
  m_LocalScale: {x: 1, y: 1, z: 1}
  m_LocalEulerAnglesHint: {x: 0, y: 0, z: 0}
  m_Children:
  - {fileID: 4269}
  - {fileID: 2524}
  - {fileID: 4268}
  - {fileID: 4260}
  - {fileID: 4259}
  - {fileID: 2523}
  m_Father: {fileID: 0}
--- !u!4 &4259
Transform:
  m_ObjectHideFlags: 0
  m_PrefabParentObject: {fileID: 400000, guid: acdc711b404f4405ba9c5b60dc847973, type: 2}
  m_PrefabInternal: {fileID: 10358}
  m_GameObject: {fileID: 390}
  m_LocalRotation: {x: 0, y: 0, z: 0, w: 1}
  m_LocalPosition: {x: -27.6625004, y: -1.2593863, z: 77.131073}
  m_LocalScale: {x: 1, y: 1, z: 1}
  m_LocalEulerAnglesHint: {x: 0, y: 0, z: 0}
  m_Children: []
  m_Father: {fileID: 4258}
--- !u!4 &4260
Transform:
  m_ObjectHideFlags: 0
  m_PrefabParentObject: {fileID: 400000, guid: 498264db9e11242b183c915d769ed9f8, type: 2}
  m_PrefabInternal: {fileID: 10359}
  m_GameObject: {fileID: 850}
  m_LocalRotation: {x: 0, y: 0, z: 0, w: 1}
  m_LocalPosition: {x: 0, y: 0, z: 0}
  m_LocalScale: {x: 1, y: 1, z: 1}
  m_LocalEulerAnglesHint: {x: 0, y: 0, z: 0}
  m_Children: []
  m_Father: {fileID: 4258}
--- !u!4 &4268
Transform:
  m_ObjectHideFlags: 0
  m_PrefabParentObject: {fileID: 0}
  m_PrefabInternal: {fileID: 0}
  m_GameObject: {fileID: 215}
  m_LocalRotation: {x: 0, y: 0, z: 0, w: 1}
  m_LocalPosition: {x: 0, y: 0, z: 0}
  m_LocalScale: {x: 1, y: 1, z: 1}
  m_LocalEulerAnglesHint: {x: 0, y: 0, z: 0}
  m_Children: []
  m_Father: {fileID: 4258}
--- !u!4 &4269
Transform:
  m_ObjectHideFlags: 0
  m_PrefabParentObject: {fileID: 400000, guid: 3a82b3a3466bc4ccbb44eed42c5887f8, type: 2}
  m_PrefabInternal: {fileID: 9723}
  m_GameObject: {fileID: 1439}
  m_LocalRotation: {x: 0, y: 0, z: 0, w: 1}
  m_LocalPosition: {x: 0, y: 0, z: 0}
  m_LocalScale: {x: 1, y: 1, z: 1}
  m_LocalEulerAnglesHint: {x: 0, y: 0, z: 0}
  m_Children: []
  m_Father: {fileID: 4258}
--- !u!4 &4384
Transform:
  m_ObjectHideFlags: 0
  m_PrefabParentObject: {fileID: 0}
  m_PrefabInternal: {fileID: 0}
  m_GameObject: {fileID: 1186}
  m_LocalRotation: {x: .226793438, y: .889772177, z: -.22325331, w: .327151656}
  m_LocalPosition: {x: -1511, y: 1317, z: 4041}
  m_LocalScale: {x: 1, y: 1, z: 1.00000024}
  m_LocalEulerAnglesHint: {x: 33.0711975, y: 144.978043, z: 17.8964691}
  m_Children: []
  m_Father: {fileID: 4385}
--- !u!4 &4385
Transform:
  m_ObjectHideFlags: 0
  m_PrefabParentObject: {fileID: 0}
  m_PrefabInternal: {fileID: 0}
  m_GameObject: {fileID: 387}
  m_LocalRotation: {x: 0, y: 0, z: 0, w: 1}
  m_LocalPosition: {x: 0, y: 0, z: 0}
  m_LocalScale: {x: 1, y: 1, z: 1}
  m_LocalEulerAnglesHint: {x: 0, y: 0, z: 0}
  m_Children:
  - {fileID: 4384}
  m_Father: {fileID: 0}
--- !u!4 &4996
Transform:
  m_ObjectHideFlags: 0
  m_PrefabParentObject: {fileID: 0}
  m_PrefabInternal: {fileID: 0}
  m_GameObject: {fileID: 1199}
  m_LocalRotation: {x: 0, y: 0, z: 0, w: 1}
  m_LocalPosition: {x: 0, y: 0, z: 0}
  m_LocalScale: {x: 1, y: 1, z: 1}
  m_LocalEulerAnglesHint: {x: 0, y: 0, z: 0}
  m_Children:
  - {fileID: 4997}
  m_Father: {fileID: 0}
--- !u!4 &4997
Transform:
  m_ObjectHideFlags: 0
  m_PrefabParentObject: {fileID: 0}
  m_PrefabInternal: {fileID: 0}
  m_GameObject: {fileID: 1856}
  m_LocalRotation: {x: 0, y: 0, z: 0, w: 1}
  m_LocalPosition: {x: -102.058807, y: -17.0485077, z: -213.40834}
  m_LocalScale: {x: 1, y: 1, z: 1}
  m_LocalEulerAnglesHint: {x: 0, y: 0, z: 0}
  m_Children: []
  m_Father: {fileID: 4996}
--- !u!82 &9398
AudioSource:
  m_ObjectHideFlags: 0
  m_PrefabParentObject: {fileID: 8200000, guid: 3a82b3a3466bc4ccbb44eed42c5887f8,
    type: 2}
  m_PrefabInternal: {fileID: 9723}
  m_GameObject: {fileID: 1439}
  m_Enabled: 1
  serializedVersion: 3
  m_audioClip: {fileID: 0}
  m_PlayOnAwake: 0
  m_Volume: 1
  m_Pitch: 1
  Loop: 0
  Mute: 0
  Priority: 128
  DopplerLevel: 1
  MinDistance: 1
  MaxDistance: 500
  Pan2D: 0
  rolloffMode: 0
  BypassEffects: 0
  rolloffCustomCurve:
    serializedVersion: 2
    m_Curve:
    - time: 0
      value: 1
      inSlope: 0
      outSlope: 0
      tangentMode: 0
    - time: 1
      value: 0
      inSlope: 0
      outSlope: 0
      tangentMode: 0
    m_PreInfinity: 2
    m_PostInfinity: 2
  panLevelCustomCurve:
    serializedVersion: 2
    m_Curve:
    - time: 0
      value: 1
      inSlope: 0
      outSlope: 0
      tangentMode: 0
    m_PreInfinity: 2
    m_PostInfinity: 2
  spreadCustomCurve:
    serializedVersion: 2
    m_Curve:
    - time: 0
      value: 0
      inSlope: 0
      outSlope: 0
      tangentMode: 0
    m_PreInfinity: 2
    m_PostInfinity: 2
--- !u!108 &9411
Light:
  m_ObjectHideFlags: 0
  m_PrefabParentObject: {fileID: 0}
  m_PrefabInternal: {fileID: 0}
  m_GameObject: {fileID: 1186}
  m_Enabled: 1
  serializedVersion: 3
  m_Type: 1
  m_Color: {r: 1, g: .818808079, b: .582089543, a: 1}
  m_Intensity: .0599999987
  m_Range: 10
  m_SpotAngle: 30
  m_CookieSize: 60
  m_Shadows:
    m_Type: 0
    m_Resolution: -1
    m_Strength: .75
    m_Bias: .0500000007
    m_Softness: 4
    m_SoftnessFade: 1
  m_Cookie: {fileID: 0}
  m_DrawHalo: 0
  m_ActuallyLightmapped: 0
  m_Flare: {fileID: 0}
  m_RenderMode: 0
  m_CullingMask:
    serializedVersion: 2
    m_Bits: 4294967295
  m_Lightmapping: 1
  m_ShadowSamples: 10
  m_ShadowRadius: 0
  m_ShadowAngle: 0
  m_IndirectIntensity: 1
  m_AreaSize: {x: 1, y: 1}
--- !u!132 &9425
GUIText:
  m_ObjectHideFlags: 0
  m_PrefabParentObject: {fileID: 13200000, guid: 213881b3e548aee41a62324f9c596000,
    type: 2}
  m_PrefabInternal: {fileID: 9722}
  m_GameObject: {fileID: 47}
  m_Enabled: 1
  serializedVersion: 3
  m_Text: Your Name
  m_Anchor: 0
  m_Alignment: 0
  m_PixelOffset: {x: 0, y: 0}
  m_LineSpacing: 1
  m_TabSize: 4
  m_Font: {fileID: 12800000, guid: d108f23a388ae554582ca98fef2e2699, type: 1}
  m_Material: {fileID: 0}
  m_FontSize: 0
  m_FontStyle: 0
  m_PixelCorrect: 1
--- !u!154 &9485
TerrainCollider:
  m_ObjectHideFlags: 0
  m_PrefabParentObject: {fileID: 0}
  m_PrefabInternal: {fileID: 0}
  m_GameObject: {fileID: 1856}
  m_Material: {fileID: 0}
  m_IsTrigger: 0
  m_Enabled: 1
  m_TerrainData: {fileID: 15600000, guid: 8942bec3b38d9a047acc992b8695f2c9, type: 2}
  m_CreateTreeColliders: 1
--- !u!114 &9526
MonoBehaviour:
  m_ObjectHideFlags: 0
  m_PrefabParentObject: {fileID: 0}
  m_PrefabInternal: {fileID: 0}
  m_GameObject: {fileID: 46}
  m_Enabled: 1
  m_EditorHideFlags: 0
  m_Script: {fileID: 11500000, guid: d571638a3f18c6c4d8b217fa2138e90b, type: 1}
  m_Name: 
  gameManager_GObj: {fileID: 1404}
  SkinChat: {fileID: 11400000, guid: 3cd9ef727b4174a779c776da20f4bd52, type: 2}
  TextMessage: 
  lastmessage: message
  Pause: 0
  TextChatStyle:
    m_Name: 
    m_Normal:
      m_Background: {fileID: 0}
      m_TextColor: {r: 0, g: 0, b: 0, a: 1}
    m_Hover:
      m_Background: {fileID: 0}
      m_TextColor: {r: 0, g: 0, b: 0, a: 1}
    m_Active:
      m_Background: {fileID: 0}
      m_TextColor: {r: 0, g: 0, b: 0, a: 1}
    m_Focused:
      m_Background: {fileID: 0}
      m_TextColor: {r: 0, g: 0, b: 0, a: 1}
    m_OnNormal:
      m_Background: {fileID: 0}
      m_TextColor: {r: 0, g: 0, b: 0, a: 1}
    m_OnHover:
      m_Background: {fileID: 0}
      m_TextColor: {r: 0, g: 0, b: 0, a: 1}
    m_OnActive:
      m_Background: {fileID: 0}
      m_TextColor: {r: 0, g: 0, b: 0, a: 1}
    m_OnFocused:
      m_Background: {fileID: 0}
      m_TextColor: {r: 0, g: 0, b: 0, a: 1}
    m_Border:
      m_Left: 0
      m_Right: 0
      m_Top: 0
      m_Bottom: 0
    m_Padding:
      m_Left: 0
      m_Right: 0
      m_Top: 0
      m_Bottom: 0
    m_Margin:
      m_Left: 0
      m_Right: 0
      m_Top: 0
      m_Bottom: 0
    m_Overflow:
      m_Left: 0
      m_Right: 0
      m_Top: 0
      m_Bottom: 0
    m_Font: {fileID: 0}
    m_ImagePosition: 0
    m_Alignment: 0
    m_WordWrap: 0
    m_TextClipping: 1
    m_ContentOffset: {x: 0, y: 0}
    m_ClipOffset: {x: 0, y: 0}
    m_FixedWidth: 0
    m_FixedHeight: 0
    m_FontSize: 0
    m_FontStyle: 0
    m_StretchWidth: 1
    m_StretchHeight: 0
  boxStyle:
    m_Name: 
    m_Normal:
      m_Background: {fileID: 0}
      m_TextColor: {r: 0, g: 0, b: 0, a: 1}
    m_Hover:
      m_Background: {fileID: 0}
      m_TextColor: {r: 0, g: 0, b: 0, a: 1}
    m_Active:
      m_Background: {fileID: 0}
      m_TextColor: {r: 0, g: 0, b: 0, a: 1}
    m_Focused:
      m_Background: {fileID: 0}
      m_TextColor: {r: 0, g: 0, b: 0, a: 1}
    m_OnNormal:
      m_Background: {fileID: 0}
      m_TextColor: {r: 0, g: 0, b: 0, a: 1}
    m_OnHover:
      m_Background: {fileID: 0}
      m_TextColor: {r: 0, g: 0, b: 0, a: 1}
    m_OnActive:
      m_Background: {fileID: 0}
      m_TextColor: {r: 0, g: 0, b: 0, a: 1}
    m_OnFocused:
      m_Background: {fileID: 0}
      m_TextColor: {r: 0, g: 0, b: 0, a: 1}
    m_Border:
      m_Left: 0
      m_Right: 0
      m_Top: 0
      m_Bottom: 0
    m_Padding:
      m_Left: 0
      m_Right: 0
      m_Top: 0
      m_Bottom: 0
    m_Margin:
      m_Left: 0
      m_Right: 0
      m_Top: 0
      m_Bottom: 0
    m_Overflow:
      m_Left: 0
      m_Right: 0
      m_Top: 0
      m_Bottom: 0
    m_Font: {fileID: 0}
    m_ImagePosition: 0
    m_Alignment: 0
    m_WordWrap: 0
    m_TextClipping: 1
    m_ContentOffset: {x: 0, y: 0}
    m_ClipOffset: {x: 0, y: 0}
    m_FixedWidth: 0
    m_FixedHeight: 0
    m_FontSize: 0
    m_FontStyle: 0
    m_StretchWidth: 1
    m_StretchHeight: 0
  textFieldStyle:
    m_Name: 
    m_Normal:
      m_Background: {fileID: 0}
      m_TextColor: {r: 0, g: 0, b: 0, a: 1}
    m_Hover:
      m_Background: {fileID: 0}
      m_TextColor: {r: 0, g: 0, b: 0, a: 1}
    m_Active:
      m_Background: {fileID: 0}
      m_TextColor: {r: 0, g: 0, b: 0, a: 1}
    m_Focused:
      m_Background: {fileID: 0}
      m_TextColor: {r: 0, g: 0, b: 0, a: 1}
    m_OnNormal:
      m_Background: {fileID: 0}
      m_TextColor: {r: 0, g: 0, b: 0, a: 1}
    m_OnHover:
      m_Background: {fileID: 0}
      m_TextColor: {r: 0, g: 0, b: 0, a: 1}
    m_OnActive:
      m_Background: {fileID: 0}
      m_TextColor: {r: 0, g: 0, b: 0, a: 1}
    m_OnFocused:
      m_Background: {fileID: 0}
      m_TextColor: {r: 0, g: 0, b: 0, a: 1}
    m_Border:
      m_Left: 0
      m_Right: 0
      m_Top: 0
      m_Bottom: 0
    m_Padding:
      m_Left: 0
      m_Right: 0
      m_Top: 0
      m_Bottom: 0
    m_Margin:
      m_Left: 0
      m_Right: 0
      m_Top: 0
      m_Bottom: 0
    m_Overflow:
      m_Left: 0
      m_Right: 0
      m_Top: 0
      m_Bottom: 0
    m_Font: {fileID: 0}
    m_ImagePosition: 0
    m_Alignment: 0
    m_WordWrap: 0
    m_TextClipping: 1
    m_ContentOffset: {x: 0, y: 0}
    m_ClipOffset: {x: 0, y: 0}
    m_FixedWidth: 0
    m_FixedHeight: 0
    m_FontSize: 0
    m_FontStyle: 0
    m_StretchWidth: 1
    m_StretchHeight: 0
  NameSender: Player
  TextChat: []
--- !u!114 &9527
MonoBehaviour:
  m_ObjectHideFlags: 0
  m_PrefabParentObject: {fileID: 0}
  m_PrefabInternal: {fileID: 0}
  m_GameObject: {fileID: 46}
  m_Enabled: 1
  m_EditorHideFlags: 0
  m_Script: {fileID: 11500000, guid: f24d9ef67168cde4fb3578cea9c92c33, type: 1}
  m_Name: 
  maxPlayers: 5
  SkinPhoton: {fileID: 11400000, guid: 3cd9ef727b4174a779c776da20f4bd52, type: 2}
  playerModel: {fileID: 400002, guid: 21ef29e816cc71a45b83cd3652228921, type: 2}
  Player: {fileID: 959244831}
  namePlayer: 
  windowBackground: {fileID: 2800000, guid: 3eeabe9b0ad1c4baba1380de3a827aec, type: 1}
  MainMenuScreen: {fileID: 1439}
  GameManager: {fileID: 1404}
  chatScreen: {fileID: 9526}
  spawnPoints:
  - {fileID: 1963191129}
  - {fileID: 211850471}
  - {fileID: 1568650780}
  - {fileID: 927777410}
  - {fileID: 924135100}
  MainStart: 1
  logo1: 0
  logo2: 0
  PhotonLogo: {fileID: 2800000, guid: 78d9e32a7566e894fa40ad3afb416c32, type: 1}
  KingsMoundLogo: {fileID: 2800000, guid: b756d8dea82afdd439725b10ac9d8fa1, type: 1}
  PhotonCloudAppId: 87e495d8-4a07-49c5-889d-d917c3c2a674
  CustomServerAddress: 
  GameVersion: v1.2
  boxMessage: 
  boxMessageTitle: 
  displayBoxMessage: 0
--- !u!114 &9537
MonoBehaviour:
  m_ObjectHideFlags: 0
  m_PrefabParentObject: {fileID: 0}
  m_PrefabInternal: {fileID: 0}
  m_GameObject: {fileID: 1404}
  m_Enabled: 1
  m_EditorHideFlags: 0
  m_Script: {fileID: 11500000, guid: 8ad5918052acb7447af4995e24410e8a, type: 1}
  m_Name: 
  hudWeapons: {fileID: 0}
  mainMenu: {fileID: 9583}
  sarge: {fileID: 0}
  achievements: {fileID: 0}
--- !u!114 &9580
MonoBehaviour:
  m_ObjectHideFlags: 0
  m_PrefabParentObject: {fileID: 11400000, guid: acdc711b404f4405ba9c5b60dc847973,
    type: 2}
  m_PrefabInternal: {fileID: 10358}
  m_GameObject: {fileID: 390}
  m_Enabled: 1
  m_EditorHideFlags: 0
  m_Script: {fileID: 11500000, guid: 79d4129190b644510b60275c1b18c85f, type: 1}
  m_Name: 
  minSpeedToParticle: 3
  genericParticle: {fileID: 0}
  waterParticles: {fileID: 100004, guid: 24ffe9ddc180fb44e8607c2cd28c74d7, type: 2}
  waterLayer:
    serializedVersion: 2
    m_Bits: 100352
  minSpeedSound: 2
  maxSpeedSound: 10
  defaultSound: {fileID: 8300000, guid: 6aa67e58f7a0943d59308c2c9213822c, type: 1}
  defaultMetalSound: {fileID: 8300000, guid: fe28b06d6c5344f8a9ecefc14fef537a, type: 1}
  defaultWoodSound: {fileID: 8300000, guid: e209d15ef2125428da7b824602ea8421, type: 1}
  defaultConcreteSound: {fileID: 8300000, guid: 5adbd195fd3e24c9a918210f531e97e3,
    type: 1}
  additionalSounds:
  - {fileID: 8300000, guid: 5adbd195fd3e24c9a918210f531e97e3, type: 1}
  - {fileID: 8300000, guid: ac0654e12b30049adb5d041bc6ca227b, type: 1}
  - {fileID: 8300000, guid: 6aa67e58f7a0943d59308c2c9213822c, type: 1}
  - {fileID: 8300000, guid: f17f902e2fdef4a43b657b8faeb27131, type: 1}
  - {fileID: 8300000, guid: dfb8a49dfe378411d866f299a5a39404, type: 1}
  - {fileID: 8300000, guid: 4bfbd65bfba1146c081ddb7bb8a1b038, type: 1}
  - {fileID: 8300000, guid: abd820b4994814884b08935aa69b2e89, type: 1}
  - {fileID: 8300000, guid: e209d15ef2125428da7b824602ea8421, type: 1}
  - {fileID: 8300000, guid: d6fc8b2bc100a428fb4a7c6066f39dbd, type: 1}
  - {fileID: 8300000, guid: fe28b06d6c5344f8a9ecefc14fef537a, type: 1}
  - {fileID: 8300000, guid: 185568dc1473c413d93dc57ef3fe6571, type: 1}
--- !u!114 &9582
MonoBehaviour:
  m_ObjectHideFlags: 0
  m_PrefabParentObject: {fileID: 11400000, guid: 498264db9e11242b183c915d769ed9f8,
    type: 2}
  m_PrefabInternal: {fileID: 10359}
  m_GameObject: {fileID: 850}
  m_Enabled: 1
  m_EditorHideFlags: 0
  m_Script: {fileID: 11500000, guid: d87d0469862fd4054a368ce899a642d4, type: 1}
  m_Name: 
  clips:
  - {fileID: 8300000, guid: 4bfbd65bfba1146c081ddb7bb8a1b038, type: 1}
  - {fileID: 8300000, guid: abd820b4994814884b08935aa69b2e89, type: 1}
--- !u!114 &9583
MonoBehaviour:
  m_ObjectHideFlags: 0
  m_PrefabParentObject: {fileID: 11400000, guid: 3a82b3a3466bc4ccbb44eed42c5887f8,
    type: 2}
  m_PrefabInternal: {fileID: 9723}
  m_GameObject: {fileID: 1439}
  m_Enabled: 1
  m_EditorHideFlags: 0
  m_Script: {fileID: 11500000, guid: c054ec82ef7ae4fc580bd7d15b18ecea, type: 1}
  m_Name: 
  _usePhoton: {fileID: 46}
  ShowMainConect: 0
  gameManager: {fileID: 9698}
  menuBackground: {fileID: 2800000, guid: 5ac75f289d75848588a1f478ac1fb0e9, type: 1}
  windowBackground: {fileID: 2800000, guid: 3eeabe9b0ad1c4baba1380de3a827aec, type: 1}
  playGame: {fileID: 2800000, guid: dcb3fd8addde947a1836b85cf28ee838, type: 1}
  playGameOver: {fileID: 2800000, guid: 23a183824374643b4a472004fa86a577, type: 1}
  resume: {fileID: 2800000, guid: 89d9368adcd18414d91cc1fe6020502b, type: 1}
  resumeOver: {fileID: 2800000, guid: cc3f5e7dc94b84a998c1bfc34d00337f, type: 1}
  toLobby: {fileID: 2800000, guid: 4586f004ca1dacc4189b2a0090def8b7, type: 1}
  toLobbyOver: {fileID: 2800000, guid: f9e2cabac2350a54281c01e631bc0191, type: 1}
  options: {fileID: 2800000, guid: 9467e19e3a51b4672b1c3925fc3a1372, type: 1}
  optionsOver: {fileID: 2800000, guid: f069736f1861a4b23a060588ef4a44ba, type: 1}
  graphics: {fileID: 2800000, guid: 0c7d01a320ec247a5b3103efc6fe5458, type: 1}
  graphicsOver: {fileID: 2800000, guid: 299ff4f6dd3c34f29a4d48372d801399, type: 1}
  about: {fileID: 2800000, guid: 744c6513130f641c1872033db5699afe, type: 1}
  aboutOver: {fileID: 2800000, guid: a556b176e8aa24d34ba5e001f4edc22d, type: 1}
  hudSkin: {fileID: 11400000, guid: 3cd9ef727b4174a779c776da20f4bd52, type: 2}
  state: 0
  receiveDamageOn: {fileID: 2800000, guid: 7437ba72bfc8e49a492a646bd9c033ec, type: 1}
  receiveDamageOff: {fileID: 2800000, guid: c61791d4f23de4b1ab2c2f3cbe8ee87b, type: 1}
  dontReceiveDamageOn: {fileID: 2800000, guid: 609eca92b68f4405585f6a5adbe1ffac, type: 1}
  dontReceiveDamageOff: {fileID: 2800000, guid: 94ef70031ec014529bcd5fea33e2a6ab,
    type: 1}
  black: {fileID: 2800000, guid: 6d2a0514d0da24e399e628aa7e7b982c, type: 1}
  visible: 0
  greenBar: {fileID: 2800000, guid: 3be2c877e324c423bb8a6d9b434b279c, type: 1}
  checkOn: {fileID: 2800000, guid: b794a80bb72e34428b19d61b6c32c47c, type: 1}
  checkOff: {fileID: 2800000, guid: 04b3806f83a77445696c3a5ec9c89910, type: 1}
  whiteMarker: {fileID: 2800000, guid: 83b827474c3cb4aa59c6094abb82270a, type: 1}
  overSound: {fileID: 8300000, guid: 96b2fbcedd2034e71a4e2a10d7afaa42, type: 1}
  overVolume: .400000006
  clickSound: {fileID: 8300000, guid: f297fa582e43c470e8f2a2d260a0625a, type: 1}
  clickVolume: .699999988
  textStyle:
    m_Name: 
    m_Normal:
      m_Background: {fileID: 0}
      m_TextColor: {r: .686274529, g: .686274529, b: .686274529, a: 1}
    m_Hover:
      m_Background: {fileID: 0}
      m_TextColor: {r: 0, g: 0, b: 0, a: 1}
    m_Active:
      m_Background: {fileID: 0}
      m_TextColor: {r: 0, g: 0, b: 0, a: 1}
    m_Focused:
      m_Background: {fileID: 0}
      m_TextColor: {r: 0, g: 0, b: 0, a: 1}
    m_OnNormal:
      m_Background: {fileID: 0}
      m_TextColor: {r: 0, g: 0, b: 0, a: 1}
    m_OnHover:
      m_Background: {fileID: 0}
      m_TextColor: {r: 0, g: 0, b: 0, a: 1}
    m_OnActive:
      m_Background: {fileID: 0}
      m_TextColor: {r: 0, g: 0, b: 0, a: 1}
    m_OnFocused:
      m_Background: {fileID: 0}
      m_TextColor: {r: 0, g: 0, b: 0, a: 1}
    m_Border:
      m_Left: 0
      m_Right: 0
      m_Top: 0
      m_Bottom: 0
    m_Padding:
      m_Left: 0
      m_Right: 0
      m_Top: 0
      m_Bottom: 0
    m_Margin:
      m_Left: 0
      m_Right: 0
      m_Top: 0
      m_Bottom: 0
    m_Overflow:
      m_Left: 0
      m_Right: 0
      m_Top: 0
      m_Bottom: 0
    m_Font: {fileID: 12800000, guid: d108f23a388ae554582ca98fef2e2699, type: 1}
    m_ImagePosition: 0
    m_Alignment: 1
    m_WordWrap: 0
    m_TextClipping: 1
    m_ContentOffset: {x: 0, y: 0}
    m_ClipOffset: {x: 0, y: 0}
    m_FixedWidth: 0
    m_FixedHeight: 0
    m_FontSize: 0
    m_FontStyle: 0
    m_StretchWidth: 1
    m_StretchHeight: 0
  loadingBackground: {fileID: 2800000, guid: dc86a2cecda9afa46979a06452af0a00, type: 1}
--- !u!114 &9618
MonoBehaviour:
  m_ObjectHideFlags: 0
  m_PrefabParentObject: {fileID: 0}
  m_PrefabInternal: {fileID: 0}
  m_GameObject: {fileID: 215}
  m_Enabled: 1
  m_EditorHideFlags: 0
  m_Script: {fileID: 11500000, guid: 48514da035ae646858edc19b10931fc9, type: 1}
  m_Name: 
  cameras:
  - {fileID: 0}
  - {fileID: 0}
  dynamicLayers: 0b00000002000000
  dynamicLayersRange: {x: 10, y: 100}
  staticLayersRange: {x: 120, y: 1000}
  nearTerrain: {fileID: 9619}
  ambientParticleObjects:
  - {fileID: 0}
  - {fileID: 0}
  - {fileID: 0}
  lights:
  - {fileID: 9411}
  - {fileID: 0}
  mainMenu: 0
--- !u!114 &9619
MonoBehaviour:
  m_ObjectHideFlags: 0
  m_PrefabParentObject: {fileID: 0}
  m_PrefabInternal: {fileID: 0}
  m_GameObject: {fileID: 1856}
  m_Enabled: 1
  m_EditorHideFlags: 1
  m_Script: {fileID: 12000, guid: 0000000000000000e000000000000000, type: 0}
  m_Name: 
  m_TerrainData: {fileID: 15600000, guid: 8942bec3b38d9a047acc992b8695f2c9, type: 2}
  m_TreeDistance: 320
  m_TreeBillboardDistance: 46
  m_TreeCrossFadeLength: 10
  m_TreeMaximumFullLODCount: 38
  m_DetailObjectDistance: 30
  m_DetailObjectDensity: 1
  m_HeightmapPixelError: 68.5339355
  m_SplatMapDistance: 455
  m_HeightmapMaximumLOD: 0
  m_CastShadows: 1
  m_LightmapIndex: -1
  m_LightmapSize: 2048
  m_DrawTreesAndFoliage: 1
--- !u!114 &9698
MonoBehaviour:
  m_ObjectHideFlags: 0
  m_PrefabParentObject: {fileID: 0}
  m_PrefabInternal: {fileID: 0}
  m_GameObject: {fileID: 1404}
  m_Enabled: 1
  m_EditorHideFlags: 0
  m_Script: {fileID: 11500000, guid: 862a318709943534ab01f8dd1217afa6, type: 1}
  m_Name: 
  gamePlaySoldier: {fileID: 0}
  soldierSmoke: {fileID: 0}
  sarge: {fileID: 0}
  _photon: {fileID: 46}
  InitGame: 0
  menu: {fileID: 9583}
  PauseEffectCameras:
  - {fileID: 0}
  - {fileID: 0}
  - {fileID: 0}
--- !u!1001 &9722
Prefab:
  m_ObjectHideFlags: 0
  serializedVersion: 2
  m_Modification:
    m_TransformParent: {fileID: 4258}
    m_Modifications:
    - target: {fileID: 100000, guid: 213881b3e548aee41a62324f9c596000, type: 2}
      propertyPath: m_Name
      value: PlayerNamePrefab
      objectReference: {fileID: 0}
    - target: {fileID: 400000, guid: 213881b3e548aee41a62324f9c596000, type: 2}
      propertyPath: m_LocalRotation.x
      value: 0
      objectReference: {fileID: 0}
    - target: {fileID: 400000, guid: 213881b3e548aee41a62324f9c596000, type: 2}
      propertyPath: m_LocalRotation.y
      value: 0
      objectReference: {fileID: 0}
    - target: {fileID: 400000, guid: 213881b3e548aee41a62324f9c596000, type: 2}
      propertyPath: m_LocalRotation.z
      value: 0
      objectReference: {fileID: 0}
    - target: {fileID: 400000, guid: 213881b3e548aee41a62324f9c596000, type: 2}
      propertyPath: m_LocalRotation.w
      value: 1
      objectReference: {fileID: 0}
    - target: {fileID: 400000, guid: 213881b3e548aee41a62324f9c596000, type: 2}
      propertyPath: m_LocalPosition.x
      value: .00999999978
      objectReference: {fileID: 0}
    - target: {fileID: 400000, guid: 213881b3e548aee41a62324f9c596000, type: 2}
      propertyPath: m_LocalPosition.y
      value: .995000005
      objectReference: {fileID: 0}
    - target: {fileID: 400000, guid: 213881b3e548aee41a62324f9c596000, type: 2}
      propertyPath: m_LocalPosition.z
      value: 0
      objectReference: {fileID: 0}
    m_RemovedComponents: []
  m_ParentPrefab: {fileID: 100100000, guid: 213881b3e548aee41a62324f9c596000, type: 2}
  m_RootGameObject: {fileID: 47}
  m_IsPrefabParent: 0
  m_IsExploded: 1
--- !u!1001 &9723
Prefab:
  m_ObjectHideFlags: 0
  serializedVersion: 2
  m_Modification:
    m_TransformParent: {fileID: 4258}
    m_Modifications:
    - target: {fileID: 100000, guid: 3a82b3a3466bc4ccbb44eed42c5887f8, type: 2}
      propertyPath: m_Name
      value: MainMenuScreen
      objectReference: {fileID: 0}
    - target: {fileID: 400000, guid: 3a82b3a3466bc4ccbb44eed42c5887f8, type: 2}
      propertyPath: m_LocalRotation.x
      value: 0
      objectReference: {fileID: 0}
    - target: {fileID: 400000, guid: 3a82b3a3466bc4ccbb44eed42c5887f8, type: 2}
      propertyPath: m_LocalRotation.y
      value: 0
      objectReference: {fileID: 0}
    - target: {fileID: 400000, guid: 3a82b3a3466bc4ccbb44eed42c5887f8, type: 2}
      propertyPath: m_LocalRotation.z
      value: 0
      objectReference: {fileID: 0}
    - target: {fileID: 400000, guid: 3a82b3a3466bc4ccbb44eed42c5887f8, type: 2}
      propertyPath: m_LocalRotation.w
      value: 1
      objectReference: {fileID: 0}
    - target: {fileID: 400000, guid: 3a82b3a3466bc4ccbb44eed42c5887f8, type: 2}
      propertyPath: m_LocalPosition.x
      value: 0
      objectReference: {fileID: 0}
    - target: {fileID: 400000, guid: 3a82b3a3466bc4ccbb44eed42c5887f8, type: 2}
      propertyPath: m_LocalPosition.y
      value: 0
      objectReference: {fileID: 0}
    - target: {fileID: 400000, guid: 3a82b3a3466bc4ccbb44eed42c5887f8, type: 2}
      propertyPath: m_LocalPosition.z
      value: 0
      objectReference: {fileID: 0}
    - target: {fileID: 11400000, guid: 3a82b3a3466bc4ccbb44eed42c5887f8, type: 2}
      propertyPath: ShowMainConect
      value: 0
      objectReference: {fileID: 0}
    - target: {fileID: 11400000, guid: 3a82b3a3466bc4ccbb44eed42c5887f8, type: 2}
      propertyPath: _usePhoton
      value: 
      objectReference: {fileID: 46}
    - target: {fileID: 11400000, guid: 3a82b3a3466bc4ccbb44eed42c5887f8, type: 2}
      propertyPath: gameManager
      value: 
      objectReference: {fileID: 9698}
    - target: {fileID: 11400000, guid: 3a82b3a3466bc4ccbb44eed42c5887f8, type: 2}
      propertyPath: toLobby
      value: 
      objectReference: {fileID: 2800000, guid: 4586f004ca1dacc4189b2a0090def8b7, type: 1}
    - target: {fileID: 11400000, guid: 3a82b3a3466bc4ccbb44eed42c5887f8, type: 2}
      propertyPath: toLobbyOver
      value: 
      objectReference: {fileID: 2800000, guid: f9e2cabac2350a54281c01e631bc0191, type: 1}
    - target: {fileID: 100000, guid: 3a82b3a3466bc4ccbb44eed42c5887f8, type: 2}
      propertyPath: m_IsActive
      value: 1
      objectReference: {fileID: 0}
    m_RemovedComponents: []
  m_ParentPrefab: {fileID: 100100000, guid: 3a82b3a3466bc4ccbb44eed42c5887f8, type: 2}
  m_RootGameObject: {fileID: 1439}
  m_IsPrefabParent: 0
  m_IsExploded: 1
--- !u!1001 &10358
Prefab:
  m_ObjectHideFlags: 0
  serializedVersion: 2
  m_Modification:
    m_TransformParent: {fileID: 4258}
    m_Modifications:
    - target: {fileID: 100000, guid: acdc711b404f4405ba9c5b60dc847973, type: 2}
      propertyPath: m_Name
      value: SoundObjectManager
      objectReference: {fileID: 0}
    - target: {fileID: 400000, guid: acdc711b404f4405ba9c5b60dc847973, type: 2}
      propertyPath: m_LocalRotation.x
      value: 0
      objectReference: {fileID: 0}
    - target: {fileID: 400000, guid: acdc711b404f4405ba9c5b60dc847973, type: 2}
      propertyPath: m_LocalRotation.y
      value: 0
      objectReference: {fileID: 0}
    - target: {fileID: 400000, guid: acdc711b404f4405ba9c5b60dc847973, type: 2}
      propertyPath: m_LocalRotation.z
      value: 0
      objectReference: {fileID: 0}
    - target: {fileID: 400000, guid: acdc711b404f4405ba9c5b60dc847973, type: 2}
      propertyPath: m_LocalRotation.w
      value: 1
      objectReference: {fileID: 0}
    - target: {fileID: 400000, guid: acdc711b404f4405ba9c5b60dc847973, type: 2}
      propertyPath: m_LocalPosition.x
      value: -27.6625004
      objectReference: {fileID: 0}
    - target: {fileID: 400000, guid: acdc711b404f4405ba9c5b60dc847973, type: 2}
      propertyPath: m_LocalPosition.y
      value: -1.2593863
      objectReference: {fileID: 0}
    - target: {fileID: 400000, guid: acdc711b404f4405ba9c5b60dc847973, type: 2}
      propertyPath: m_LocalPosition.z
      value: 77.131073
      objectReference: {fileID: 0}
    - target: {fileID: 100000, guid: acdc711b404f4405ba9c5b60dc847973, type: 2}
      propertyPath: m_IsActive
      value: 1
      objectReference: {fileID: 0}
    m_RemovedComponents: []
  m_ParentPrefab: {fileID: 100100000, guid: acdc711b404f4405ba9c5b60dc847973, type: 2}
  m_RootGameObject: {fileID: 390}
  m_IsPrefabParent: 0
  m_IsExploded: 1
--- !u!1001 &10359
Prefab:
  m_ObjectHideFlags: 0
  serializedVersion: 2
  m_Modification:
    m_TransformParent: {fileID: 4258}
    m_Modifications:
    - target: {fileID: 100000, guid: 498264db9e11242b183c915d769ed9f8, type: 2}
      propertyPath: m_IsActive
      value: 1
      objectReference: {fileID: 0}
    m_RemovedComponents:
    - {fileID: 11400002, guid: 498264db9e11242b183c915d769ed9f8, type: 2}
  m_ParentPrefab: {fileID: 100100000, guid: 498264db9e11242b183c915d769ed9f8, type: 2}
  m_RootGameObject: {fileID: 850}
  m_IsPrefabParent: 0
  m_IsExploded: 1
--- !u!196 &10643
NavMeshSettings:
  m_ObjectHideFlags: 0
  m_BuildSettings:
    agentRadius: .5
    agentHeight: 2
    agentSlope: 45
    agentClimb: .400000006
    ledgeDropHeight: 0
    maxJumpAcrossDistance: 0
    accuratePlacement: 0
    minRegionArea: 2
    widthInaccuracy: 16.666666
    heightInaccuracy: 10
  m_NavMesh: {fileID: 0}
--- !u!1001 &125807076
Prefab:
  m_ObjectHideFlags: 0
  serializedVersion: 2
  m_Modification:
    m_TransformParent: {fileID: 0}
    m_Modifications:
    - target: {fileID: 400000, guid: 780611a67e8e941a2b3aa96e5915a793, type: 2}
      propertyPath: m_LocalPosition.x
      value: -14.5026798
      objectReference: {fileID: 0}
    - target: {fileID: 400000, guid: 780611a67e8e941a2b3aa96e5915a793, type: 2}
      propertyPath: m_LocalPosition.y
      value: 68.7223969
      objectReference: {fileID: 0}
    - target: {fileID: 400000, guid: 780611a67e8e941a2b3aa96e5915a793, type: 2}
      propertyPath: m_LocalPosition.z
      value: -117.898331
      objectReference: {fileID: 0}
    - target: {fileID: 400000, guid: 780611a67e8e941a2b3aa96e5915a793, type: 2}
      propertyPath: m_LocalRotation.x
      value: 0
      objectReference: {fileID: 0}
    - target: {fileID: 400000, guid: 780611a67e8e941a2b3aa96e5915a793, type: 2}
      propertyPath: m_LocalRotation.y
      value: 0
      objectReference: {fileID: 0}
    - target: {fileID: 400000, guid: 780611a67e8e941a2b3aa96e5915a793, type: 2}
      propertyPath: m_LocalRotation.z
      value: -1
      objectReference: {fileID: 0}
    - target: {fileID: 400000, guid: 780611a67e8e941a2b3aa96e5915a793, type: 2}
      propertyPath: m_LocalRotation.w
      value: -4.43210411e-08
      objectReference: {fileID: 0}
    m_RemovedComponents: []
  m_ParentPrefab: {fileID: 100100000, guid: 780611a67e8e941a2b3aa96e5915a793, type: 2}
  m_RootGameObject: {fileID: 1328400373}
  m_IsPrefabParent: 0
  m_IsExploded: 1
--- !u!1 &211850470
GameObject:
  m_ObjectHideFlags: 0
  m_PrefabParentObject: {fileID: 0}
  m_PrefabInternal: {fileID: 0}
  serializedVersion: 3
  m_Component:
  - 4: {fileID: 211850471}
  m_Layer: 0
  m_Name: GameObject
  m_TagString: Untagged
  m_Icon: {fileID: 0}
  m_NavMeshLayer: 0
  m_StaticEditorFlags: 0
  m_IsActive: 1
--- !u!4 &211850471
Transform:
  m_ObjectHideFlags: 0
  m_PrefabParentObject: {fileID: 0}
  m_PrefabInternal: {fileID: 0}
  m_GameObject: {fileID: 211850470}
  m_LocalRotation: {x: 0, y: 0, z: 0, w: 1}
  m_LocalPosition: {x: 8.85338974, y: 35.8358459, z: -163.091354}
  m_LocalScale: {x: 1, y: 1, z: 1}
  m_LocalEulerAnglesHint: {x: 0, y: 0, z: 0}
  m_Children: []
  m_Father: {fileID: 2104856438}
--- !u!1 &218170739
GameObject:
  m_ObjectHideFlags: 0
  m_PrefabParentObject: {fileID: 100010, guid: 21ef29e816cc71a45b83cd3652228921, type: 2}
  m_PrefabInternal: {fileID: 1007506836}
  serializedVersion: 3
  m_Component:
  - 4: {fileID: 218170740}
  m_Layer: 8
  m_Name: DepthChargeStart
  m_TagString: Untagged
  m_Icon: {fileID: 0}
  m_NavMeshLayer: 0
  m_StaticEditorFlags: 0
  m_IsActive: 1
--- !u!4 &218170740
Transform:
  m_ObjectHideFlags: 0
  m_PrefabParentObject: {fileID: 400010, guid: 21ef29e816cc71a45b83cd3652228921, type: 2}
  m_PrefabInternal: {fileID: 1007506836}
  m_GameObject: {fileID: 218170739}
  m_LocalRotation: {x: 0, y: 4.50702771e-07, z: 0, w: 1}
  m_LocalPosition: {x: .829999983, y: -.720000029, z: 1.98000002}
  m_LocalScale: {x: 1, y: 1, z: 1}
  m_LocalEulerAnglesHint: {x: 0, y: 5.16176224e-05, z: 0}
  m_Children: []
  m_Father: {fileID: 959244831}
--- !u!1 &255488065
GameObject:
  m_ObjectHideFlags: 0
  m_PrefabParentObject: {fileID: 100004, guid: 21ef29e816cc71a45b83cd3652228921, type: 2}
  m_PrefabInternal: {fileID: 1007506836}
  serializedVersion: 3
  m_Component:
  - 4: {fileID: 255488066}
  - 20: {fileID: 255488067}
  - 124: {fileID: 255488070}
  - 92: {fileID: 255488069}
  - 81: {fileID: 255488068}
  - 114: {fileID: 255488071}
  - 114: {fileID: 255488072}
  - 114: {fileID: 255488073}
  - 114: {fileID: 255488074}
  m_Layer: 8
  m_Name: Camera
  m_TagString: MainCamera
  m_Icon: {fileID: 0}
  m_NavMeshLayer: 0
  m_StaticEditorFlags: 0
  m_IsActive: 1
--- !u!4 &255488066
Transform:
  m_ObjectHideFlags: 0
  m_PrefabParentObject: {fileID: 400004, guid: 21ef29e816cc71a45b83cd3652228921, type: 2}
  m_PrefabInternal: {fileID: 1007506836}
  m_GameObject: {fileID: 255488065}
  m_LocalRotation: {x: 0, y: 0, z: 0, w: 1}
  m_LocalPosition: {x: -8.09738049e-06, y: 0, z: 1.4577738}
  m_LocalScale: {x: 1, y: 1, z: 1}
  m_LocalEulerAnglesHint: {x: 0, y: 0, z: 0}
  m_Children: []
  m_Father: {fileID: 959244831}
--- !u!20 &255488067
Camera:
  m_ObjectHideFlags: 0
  m_PrefabParentObject: {fileID: 2000000, guid: 21ef29e816cc71a45b83cd3652228921,
    type: 2}
  m_PrefabInternal: {fileID: 1007506836}
  m_GameObject: {fileID: 255488065}
  m_Enabled: 1
  serializedVersion: 2
  m_ClearFlags: 2
  m_BackGroundColor: {r: 0, g: .239215687, b: .282352954, a: .0196078438}
  m_NormalizedViewPortRect:
    serializedVersion: 2
    x: 0
    y: 0
    width: 1
    height: 1
  near clip plane: .300000012
  far clip plane: 60
  field of view: 83
  orthographic: 0
  orthographic size: 100
  m_Depth: 0
  m_CullingMask:
    serializedVersion: 2
    m_Bits: 4294967295
  m_RenderingPath: -1
  m_TargetTexture: {fileID: 0}
  m_HDR: 0
--- !u!81 &255488068
AudioListener:
  m_ObjectHideFlags: 0
  m_PrefabParentObject: {fileID: 8100000, guid: 21ef29e816cc71a45b83cd3652228921,
    type: 2}
  m_PrefabInternal: {fileID: 1007506836}
  m_GameObject: {fileID: 255488065}
  m_Enabled: 1
--- !u!92 &255488069
Behaviour:
  m_ObjectHideFlags: 0
  m_PrefabParentObject: {fileID: 9200000, guid: 21ef29e816cc71a45b83cd3652228921,
    type: 2}
  m_PrefabInternal: {fileID: 1007506836}
  m_GameObject: {fileID: 255488065}
  m_Enabled: 1
--- !u!124 &255488070
Behaviour:
  m_ObjectHideFlags: 0
  m_PrefabParentObject: {fileID: 12400000, guid: 21ef29e816cc71a45b83cd3652228921,
    type: 2}
  m_PrefabInternal: {fileID: 1007506836}
  m_GameObject: {fileID: 255488065}
  m_Enabled: 1
--- !u!114 &255488071
MonoBehaviour:
  m_ObjectHideFlags: 0
  m_PrefabParentObject: {fileID: 11400012, guid: 21ef29e816cc71a45b83cd3652228921,
    type: 2}
  m_PrefabInternal: {fileID: 1007506836}
  m_GameObject: {fileID: 255488065}
  m_Enabled: 0
  m_EditorHideFlags: 0
  m_Script: {fileID: 11500000, guid: 34c3946ab5378473cb34bedd1c8194ba, type: 1}
  m_Name: 
  fogMode: 1
  startDistance: 0
  globalDensity: .150000006
  heightScale: 31
  height: 0
  globalFogColor: {r: .134328365, g: .126011744, b: .106259748, a: 1}
  fogShader: {fileID: 4800000, guid: 70d8568987ac0499f952b54c7c13e265, type: 1}
--- !u!114 &255488072
MonoBehaviour:
  m_ObjectHideFlags: 0
  m_PrefabParentObject: {fileID: 11400014, guid: 21ef29e816cc71a45b83cd3652228921,
    type: 2}
  m_PrefabInternal: {fileID: 1007506836}
  m_GameObject: {fileID: 255488065}
  m_Enabled: 0
  m_EditorHideFlags: 0
  m_Script: {fileID: 11500000, guid: dc9131fb93ac942ea92b55a17cc9bd82, type: 1}
  m_Name: 
  tiltShiftShader: {fileID: 4800000, guid: 926e6b8704ae248539bd7d7d6bdb7f16, type: 1}
  renderTextureDivider: 3
  blurIterations: 1
  enableForegroundBlur: 0
  foregroundBlurIterations: 2
  maxBlurSpread: 3.0999999
  focalPoint: .300000012
  smoothness: 131
  visualizeCoc: 0
--- !u!114 &255488073
MonoBehaviour:
  m_ObjectHideFlags: 0
  m_PrefabParentObject: {fileID: 11400018, guid: 21ef29e816cc71a45b83cd3652228921,
    type: 2}
  m_PrefabInternal: {fileID: 1007506836}
  m_GameObject: {fileID: 255488065}
  m_Enabled: 0
  m_EditorHideFlags: 0
  m_Script: {fileID: 11500000, guid: a88a26a276b4e47619ce2c5adad33fab, type: 1}
  m_Name: 
  monochrome: 1
  grainIntensityMin: .100000001
  grainIntensityMax: 1
  grainSize: 10
  scratchIntensityMin: 0
  scratchIntensityMax: 0
  scratchFPS: 10
  scratchJitter: .00999999978
  grainTexture: {fileID: 2800000, guid: 9b910b8e34c0f3a439545210d8e3c950, type: 1}
  scratchTexture: {fileID: 2800000, guid: 6205c27cc031f4e66b8ea90d1bfaa158, type: 1}
  shaderRGB: {fileID: 4800000, guid: 5d7f4c401ae8946bcb0d6ff68a9e7466, type: 1}
  shaderYUV: {fileID: 4800000, guid: 0e447868506ba49f0a73235b8a8b647a, type: 1}
--- !u!114 &255488074
MonoBehaviour:
  m_ObjectHideFlags: 0
  m_PrefabParentObject: {fileID: 11400002, guid: 21ef29e816cc71a45b83cd3652228921,
    type: 2}
  m_PrefabInternal: {fileID: 1007506836}
  m_GameObject: {fileID: 255488065}
  m_Enabled: 1
  m_EditorHideFlags: 0
  m_Script: {fileID: 11500000, guid: 707aed9134ad271498f3e1a29efb4da5, type: 1}
  m_Name: 
  crosshairs: {fileID: 2800000, guid: 60b1f370527abe048b3cee42d982dc5c, type: 1}
  style:
    m_Name: 
    m_Normal:
      m_Background: {fileID: 0}
      m_TextColor: {r: 0, g: 0, b: 0, a: 1}
    m_Hover:
      m_Background: {fileID: 0}
      m_TextColor: {r: 0, g: 0, b: 0, a: 1}
    m_Active:
      m_Background: {fileID: 0}
      m_TextColor: {r: 0, g: 0, b: 0, a: 1}
    m_Focused:
      m_Background: {fileID: 0}
      m_TextColor: {r: 0, g: 0, b: 0, a: 1}
    m_OnNormal:
      m_Background: {fileID: 0}
      m_TextColor: {r: 0, g: 0, b: 0, a: 1}
    m_OnHover:
      m_Background: {fileID: 0}
      m_TextColor: {r: 0, g: 0, b: 0, a: 1}
    m_OnActive:
      m_Background: {fileID: 0}
      m_TextColor: {r: 0, g: 0, b: 0, a: 1}
    m_OnFocused:
      m_Background: {fileID: 0}
      m_TextColor: {r: 0, g: 0, b: 0, a: 1}
    m_Border:
      m_Left: 0
      m_Right: 0
      m_Top: 0
      m_Bottom: 0
    m_Padding:
      m_Left: 0
      m_Right: 0
      m_Top: 0
      m_Bottom: 0
    m_Margin:
      m_Left: 0
      m_Right: 0
      m_Top: 0
      m_Bottom: 0
    m_Overflow:
      m_Left: 0
      m_Right: 0
      m_Top: 0
      m_Bottom: 0
    m_Font: {fileID: 0}
    m_ImagePosition: 0
    m_Alignment: 4
    m_WordWrap: 0
    m_TextClipping: 1
    m_ContentOffset: {x: 0, y: 0}
    m_ClipOffset: {x: 0, y: 0}
    m_FixedWidth: 0
    m_FixedHeight: 0
    m_FontSize: 0
    m_FontStyle: 0
    m_StretchWidth: 1
    m_StretchHeight: 0
--- !u!1 &924135099
GameObject:
  m_ObjectHideFlags: 0
  m_PrefabParentObject: {fileID: 0}
  m_PrefabInternal: {fileID: 0}
  serializedVersion: 3
  m_Component:
  - 4: {fileID: 924135100}
  m_Layer: 0
  m_Name: GameObject
  m_TagString: Untagged
  m_Icon: {fileID: 0}
  m_NavMeshLayer: 0
  m_StaticEditorFlags: 0
  m_IsActive: 1
--- !u!4 &924135100
Transform:
  m_ObjectHideFlags: 0
  m_PrefabParentObject: {fileID: 0}
  m_PrefabInternal: {fileID: 0}
  m_GameObject: {fileID: 924135099}
  m_LocalRotation: {x: 0, y: 0, z: 0, w: 1}
  m_LocalPosition: {x: -69.3074646, y: 35.8358459, z: -33.8957825}
  m_LocalScale: {x: 1, y: 1, z: 1}
  m_LocalEulerAnglesHint: {x: 0, y: 0, z: 0}
  m_Children: []
  m_Father: {fileID: 2104856438}
--- !u!1 &927777409
GameObject:
  m_ObjectHideFlags: 0
  m_PrefabParentObject: {fileID: 0}
  m_PrefabInternal: {fileID: 0}
  serializedVersion: 3
  m_Component:
  - 4: {fileID: 927777410}
  m_Layer: 0
  m_Name: GameObject
  m_TagString: Untagged
  m_Icon: {fileID: 0}
  m_NavMeshLayer: 0
  m_StaticEditorFlags: 0
  m_IsActive: 1
--- !u!4 &927777410
Transform:
  m_ObjectHideFlags: 0
  m_PrefabParentObject: {fileID: 0}
  m_PrefabInternal: {fileID: 0}
  m_GameObject: {fileID: 927777409}
  m_LocalRotation: {x: 0, y: 0, z: 0, w: 1}
  m_LocalPosition: {x: 57.7352028, y: 35.8358459, z: -144.417511}
  m_LocalScale: {x: 1, y: 1, z: 1}
  m_LocalEulerAnglesHint: {x: 0, y: 0, z: 0}
  m_Children: []
  m_Father: {fileID: 2104856438}
--- !u!1 &959244830
GameObject:
  m_ObjectHideFlags: 0
  m_PrefabParentObject: {fileID: 100002, guid: 21ef29e816cc71a45b83cd3652228921, type: 2}
  m_PrefabInternal: {fileID: 1007506836}
  serializedVersion: 3
  m_Component:
  - 4: {fileID: 959244831}
  - 114: {fileID: 959244832}
  - 114: {fileID: 959244833}
  - 114: {fileID: 959244835}
  - 114: {fileID: 959244836}
  - 54: {fileID: 959244837}
  - 114: {fileID: 959244838}
  - 114: {fileID: 959244839}
  - 82: {fileID: 959244840}
  m_Layer: 8
  m_Name: ScubaDiver
  m_TagString: Scuba
  m_Icon: {fileID: 0}
  m_NavMeshLayer: 0
  m_StaticEditorFlags: 0
  m_IsActive: 1
--- !u!4 &959244831
Transform:
  m_ObjectHideFlags: 0
  m_PrefabParentObject: {fileID: 400002, guid: 21ef29e816cc71a45b83cd3652228921, type: 2}
  m_PrefabInternal: {fileID: 1007506836}
  m_GameObject: {fileID: 959244830}
  m_LocalRotation: {x: 0, y: .752338886, z: 0, w: -.658776402}
  m_LocalPosition: {x: -20.2789536, y: 56.9370193, z: -184.315796}
  m_LocalScale: {x: 1, y: 1, z: 1}
  m_LocalEulerAnglesHint: {x: 0, y: 262.413239, z: 0}
  m_Children:
  - {fileID: 1748859390}
  - {fileID: 255488066}
  - {fileID: 1145083769}
  - {fileID: 1203888062}
  - {fileID: 218170740}
  m_Father: {fileID: 0}
--- !u!114 &959244832
MonoBehaviour:
  m_ObjectHideFlags: 0
  m_PrefabParentObject: {fileID: 11400000, guid: 21ef29e816cc71a45b83cd3652228921,
    type: 2}
  m_PrefabInternal: {fileID: 1007506836}
  m_GameObject: {fileID: 959244830}
  m_Enabled: 1
  m_EditorHideFlags: 0
  m_Script: {fileID: 11500000, guid: 17bc330b333a43842ad1e9ee53b0ad57, type: 1}
  m_Name: 
  ActorNr: 0
  ActorName: 
  DisplayKillYou: 0
  pitch: 0
  yaw: 0
  roll: 0
  pitchMultiplier: -2
  yawMultiplier: 2
  rollMultiplier: 0
  rollLevelling: .0199999996
  weaknessModifier: 1
  speed: 0
  speedScale: .0500000007
  targetSpeed: 0
  speedDampTime: .100000001
  dragImmunityTime: .300000012
  InputToMovement:
    serializedVersion: 2
    m_Curve:
    - time: -.990057051
      value: -.109035894
      inSlope: .100510575
      outSlope: .100510575
      tangentMode: 10
    - time: .00603909232
      value: -.00891769398
      inSlope: .376491517
      outSlope: .376491517
      tangentMode: 0
    - time: 1
      value: 1
      inSlope: 1.01504767
      outSlope: 1.01504767
      tangentMode: 10
    m_PreInfinity: 2
    m_PostInfinity: 2
  ForwardsDownSpeedInc:
    serializedVersion: 2
    m_Curve:
    - time: -2.12104988
      value: 3.47962999
      inSlope: -.0939392149
      outSlope: -.0939392149
      tangentMode: 0
    - time: .0247008801
      value: 2.01085639
      inSlope: -.799153745
      outSlope: -.799153745
      tangentMode: 0
    - time: 1.74393642
      value: .622749627
      inSlope: -.371742576
      outSlope: -.371742576
      tangentMode: 0
    - time: 7.00809669
      value: .0026498735
      inSlope: -.0669179708
      outSlope: -.0669179708
      tangentMode: 0
    m_PreInfinity: 2
    m_PostInfinity: 2
  ForwardsSpeedInc:
    serializedVersion: 2
    m_Curve:
    - time: .00191452214
      value: .146470129
      inSlope: -.131364062
      outSlope: -.131364062
      tangentMode: 0
    - time: .545084178
      value: .0709910393
      inSlope: -.0996891931
      outSlope: -.0996891931
      tangentMode: 0
    - time: 1.35462332
      value: .0130031947
      inSlope: -.0415210761
      outSlope: -.0415210761
      tangentMode: 0
    - time: 2.00167418
      value: -6.32815063e-05
      inSlope: -.00624200236
      outSlope: -.00624200236
      tangentMode: 0
    m_PreInfinity: 2
    m_PostInfinity: 2
  BackwardsDownSpeedInc:
    serializedVersion: 2
    m_Curve:
    - time: -1.03615379
      value: .00210267911
      inSlope: -.0195884295
      outSlope: -.0195884295
      tangentMode: 10
    - time: .0606944934
      value: -.0193828568
      inSlope: -.00823748577
      outSlope: -.00823748577
      tangentMode: 0
    - time: 10.0272923
      value: -.429339916
      inSlope: -.135903135
      outSlope: -.135903135
      tangentMode: 0
    m_PreInfinity: 2
    m_PostInfinity: 2
  BackwardsSpeedInc:
    serializedVersion: 2
    m_Curve:
    - time: -.990617752
      value: 6.70284498e-06
      inSlope: -.00131997827
      outSlope: -.00131997827
      tangentMode: 0
    - time: .0233970899
      value: -.00835360214
      inSlope: -.00654545613
      outSlope: -.00654545613
      tangentMode: 0
    - time: 3.96261525
      value: -.100971863
      inSlope: -.0235118382
      outSlope: -.0235118382
      tangentMode: 10
    m_PreInfinity: 2
    m_PostInfinity: 2
  NoneSpeedInc:
    serializedVersion: 2
    m_Curve:
    - time: -4.43946791
      value: 3.29625845
      inSlope: -.748571157
      outSlope: -.748571157
      tangentMode: 10
    - time: -.0386350155
      value: .00192161836
      inSlope: -.40026933
      outSlope: -.40026933
      tangentMode: 10
    - time: -.00166112953
      value: 1.78813934e-07
      inSlope: -.0709476322
      outSlope: -.0709476322
      tangentMode: 10
    - time: .0449588448
      value: -.00419225264
      inSlope: -.374968112
      outSlope: -.374968112
      tangentMode: 10
    - time: .515934289
      value: -.315040022
      inSlope: -.842284977
      outSlope: -.842284977
      tangentMode: 10
    - time: 15.7418203
      value: -15.914897
      inSlope: -1.02456152
      outSlope: -1.02456152
      tangentMode: 10
    m_PreInfinity: 2
    m_PostInfinity: 2
  speedSteerCurve:
    serializedVersion: 2
    m_Curve:
    - time: 0
      value: 1
      inSlope: 0
      outSlope: 0
      tangentMode: 0
    - time: 1.08918524
      value: .5240556
      inSlope: -.407397747
      outSlope: -.407397747
      tangentMode: 0
    - time: 2.98216414
      value: .113942988
      inSlope: 0
      outSlope: 0
      tangentMode: 0
    m_PreInfinity: 2
    m_PostInfinity: 2
--- !u!114 &959244833
MonoBehaviour:
  m_ObjectHideFlags: 0
  m_PrefabParentObject: {fileID: 11400004, guid: 21ef29e816cc71a45b83cd3652228921,
    type: 2}
  m_PrefabInternal: {fileID: 1007506836}
  m_GameObject: {fileID: 959244830}
  m_Enabled: 0
  m_EditorHideFlags: 0
  m_Script: {fileID: 11500000, guid: 68ec2fe99d1108b9d0006a298d76c639, type: 1}
  m_Name: 
  axes: 0
  sensitivityX: 15
  sensitivityY: 15
  minimumX: -360
  maximumX: 360
  minimumY: -60
  maximumY: 60
  moveSensitivity: 1
--- !u!114 &959244835
MonoBehaviour:
  m_ObjectHideFlags: 0
  m_PrefabParentObject: {fileID: 11400006, guid: 21ef29e816cc71a45b83cd3652228921,
    type: 2}
  m_PrefabInternal: {fileID: 1007506836}
  m_GameObject: {fileID: 959244830}
  m_Enabled: 1
  m_EditorHideFlags: 0
  m_Script: {fileID: 11500000, guid: 1cf8d2e0411f295449858e6f03341342, type: 1}
  m_Name: 
  harpoonPrefab: {fileID: 100002, guid: 52383374c8290d64f802537a3f4bef7b, type: 2}
  harpoonStart: {fileID: 1203888062}
  cooldownTime: 5
  harpoonSpeed: 10
--- !u!114 &959244836
MonoBehaviour:
  m_ObjectHideFlags: 0
  m_PrefabParentObject: {fileID: 11400008, guid: 21ef29e816cc71a45b83cd3652228921,
    type: 2}
  m_PrefabInternal: {fileID: 1007506836}
  m_GameObject: {fileID: 959244830}
  m_Enabled: 1
  m_EditorHideFlags: 0
  m_Script: {fileID: 11500000, guid: f1b3b39e336f57f41b3da05f88a5dab1, type: 1}
  m_Name: 
  dead: 0
  cam: {fileID: 255488065}
  respawnWait: 5
  bloodCloudPrefab: {fileID: 100000, guid: ade526e4a62404a43941d66218a328a8, type: 2}
--- !u!54 &959244837
Rigidbody:
  m_ObjectHideFlags: 0
  m_PrefabParentObject: {fileID: 5400000, guid: 21ef29e816cc71a45b83cd3652228921,
    type: 2}
  m_PrefabInternal: {fileID: 1007506836}
  m_GameObject: {fileID: 959244830}
  serializedVersion: 2
  m_Mass: 1
  m_Drag: 0
  m_AngularDrag: .0500000007
  m_UseGravity: 0
  m_IsKinematic: 0
  m_Interpolate: 0
  m_Constraints: 112
  m_CollisionDetection: 0
--- !u!114 &959244838
MonoBehaviour:
  m_ObjectHideFlags: 0
  m_PrefabParentObject: {fileID: 11400010, guid: 21ef29e816cc71a45b83cd3652228921,
    type: 2}
  m_PrefabInternal: {fileID: 1007506836}
  m_GameObject: {fileID: 959244830}
  m_Enabled: 1
  m_EditorHideFlags: 0
  m_Script: {fileID: 11500000, guid: f4da2ec3b7f8ab540907f9790ba106bb, type: 1}
  m_Name: 
  depthChargePrefab: {fileID: 100000, guid: 0bdd123f3e5d1f84d996cf18e21c9fdc, type: 2}
  uiExplosionPrefab: {fileID: 100000, guid: efb1f5a92a3e56544bdb38c7c91feb2e, type: 2}
  uiExplosion: {fileID: 0}
  depthChargeStart: {fileID: 218170740}
  cooldownTime: 8
  depthChargeSpeed: 3
  previewSpeedFactor: 5
  startCharge: 15
--- !u!114 &959244839
MonoBehaviour:
  m_ObjectHideFlags: 0
  m_PrefabParentObject: {fileID: 11400016, guid: 21ef29e816cc71a45b83cd3652228921,
    type: 2}
  m_PrefabInternal: {fileID: 1007506836}
  m_GameObject: {fileID: 959244830}
  m_Enabled: 1
  m_EditorHideFlags: 0
  m_Script: {fileID: 11500000, guid: 267db2bdfa4608244a0182ad6ed00229, type: 1}
  m_Name: 
  breathInterval: 5
  breathHoldingTime: 30
  ultimateBreathHoldingTime: 60
  weaknessCurve:
    serializedVersion: 2
    m_Curve:
    - time: 0
      value: 1
      inSlope: -.0116969952
      outSlope: -.0116969952
      tangentMode: 10
    - time: 64.2147675
      value: .248880178
      inSlope: -.0116969952
      outSlope: -.0116969952
      tangentMode: 10
    m_PreInfinity: 2
    m_PostInfinity: 2
  blotchCurve:
    serializedVersion: 2
    m_Curve:
    - time: .0426162593
      value: .0024509877
      inSlope: .00117228215
      outSlope: .00117228215
      tangentMode: 0
    - time: 16.2070789
      value: .340071738
      inSlope: .0648962855
      outSlope: .0648962855
      tangentMode: 10
    - time: 20.0230064
      value: .75564903
      inSlope: .0792741776
      outSlope: .0792741776
      tangentMode: 0
    - time: 29.9373741
      value: 1.01225471
      inSlope: .00410255184
      outSlope: .00410255184
      tangentMode: 0
    m_PreInfinity: 2
    m_PostInfinity: 2
  bubbles: {fileID: 1748859391}
  controller: {fileID: 959244832}
  camera: {fileID: 255488065}
  breathingSounds:
  - {fileID: 8300000, guid: 69dc2a42093e1f84499f9c9fdfc1a020, type: 1}
  - {fileID: 8300000, guid: 0a54179cf9281554b9a900fbafb9c25b, type: 1}
  - {fileID: 8300000, guid: f152c468919819846bf6e2779623358f, type: 1}
  - {fileID: 8300000, guid: 9bca88d83ff0816479fd75a082f562e5, type: 1}
  - {fileID: 8300000, guid: 0ebc07674b0af9f4facf50a2c880ad1a, type: 1}
  - {fileID: 8300000, guid: 31a21b3ad4d18e14da59a08e5f33ac94, type: 1}
  - {fileID: 8300000, guid: 630758d18c5623b4dadd1a03a50376d7, type: 1}
  - {fileID: 8300000, guid: c5d6e7f8cf414794dadf051b8cbdba8d, type: 1}
  gaspingSounds:
  - {fileID: 8300000, guid: 403e87559e1c0b94786bb0dcc3cdb47b, type: 1}
--- !u!82 &959244840
AudioSource:
  m_ObjectHideFlags: 0
  m_PrefabParentObject: {fileID: 8200000, guid: 21ef29e816cc71a45b83cd3652228921,
    type: 2}
  m_PrefabInternal: {fileID: 1007506836}
  m_GameObject: {fileID: 959244830}
  m_Enabled: 1
  serializedVersion: 3
  m_audioClip: {fileID: 8300000, guid: 0b2829d7e76032b4aba9323da3a648d1, type: 1}
  m_PlayOnAwake: 1
  m_Volume: .148000002
  m_Pitch: 1
  Loop: 1
  Mute: 0
  Priority: 128
  DopplerLevel: 1
  MinDistance: 1
  MaxDistance: 500
  Pan2D: 0
  rolloffMode: 0
  BypassEffects: 0
  rolloffCustomCurve:
    serializedVersion: 2
    m_Curve:
    - time: 0
      value: 1
      inSlope: 0
      outSlope: 0
      tangentMode: 0
    - time: 1
      value: 0
      inSlope: 0
      outSlope: 0
      tangentMode: 0
    m_PreInfinity: 2
    m_PostInfinity: 2
  panLevelCustomCurve:
    serializedVersion: 2
    m_Curve:
    - time: 0
      value: 1
      inSlope: 0
      outSlope: 0
      tangentMode: 0
    m_PreInfinity: 2
    m_PostInfinity: 2
  spreadCustomCurve:
    serializedVersion: 2
    m_Curve:
    - time: 0
      value: 0
      inSlope: 0
      outSlope: 0
      tangentMode: 0
    m_PreInfinity: 2
    m_PostInfinity: 2
--- !u!1001 &1007506836
Prefab:
  m_ObjectHideFlags: 0
  serializedVersion: 2
  m_Modification:
    m_TransformParent: {fileID: 0}
    m_Modifications:
    - target: {fileID: 400002, guid: 21ef29e816cc71a45b83cd3652228921, type: 2}
      propertyPath: m_LocalPosition.x
      value: -20.2789536
      objectReference: {fileID: 0}
    - target: {fileID: 400002, guid: 21ef29e816cc71a45b83cd3652228921, type: 2}
      propertyPath: m_LocalPosition.y
      value: 56.9370193
      objectReference: {fileID: 0}
    - target: {fileID: 400002, guid: 21ef29e816cc71a45b83cd3652228921, type: 2}
      propertyPath: m_LocalPosition.z
      value: -184.315796
      objectReference: {fileID: 0}
    - target: {fileID: 400002, guid: 21ef29e816cc71a45b83cd3652228921, type: 2}
      propertyPath: m_LocalRotation.x
      value: 0
      objectReference: {fileID: 0}
    - target: {fileID: 400002, guid: 21ef29e816cc71a45b83cd3652228921, type: 2}
      propertyPath: m_LocalRotation.y
      value: .752338886
      objectReference: {fileID: 0}
    - target: {fileID: 400002, guid: 21ef29e816cc71a45b83cd3652228921, type: 2}
      propertyPath: m_LocalRotation.z
      value: 0
      objectReference: {fileID: 0}
    - target: {fileID: 400002, guid: 21ef29e816cc71a45b83cd3652228921, type: 2}
      propertyPath: m_LocalRotation.w
      value: -.658776402
      objectReference: {fileID: 0}
    - target: {fileID: 100002, guid: 21ef29e816cc71a45b83cd3652228921, type: 2}
      propertyPath: m_Name
      value: ScubaDiver
      objectReference: {fileID: 0}
    m_RemovedComponents: []
  m_ParentPrefab: {fileID: 100100000, guid: 21ef29e816cc71a45b83cd3652228921, type: 2}
  m_RootGameObject: {fileID: 959244830}
  m_IsPrefabParent: 0
  m_IsExploded: 1
--- !u!1 &1145083768
GameObject:
  m_ObjectHideFlags: 0
  m_PrefabParentObject: {fileID: 100006, guid: 21ef29e816cc71a45b83cd3652228921, type: 2}
  m_PrefabInternal: {fileID: 1007506836}
  serializedVersion: 3
  m_Component:
  - 4: {fileID: 1145083769}
  m_Layer: 8
  m_Name: Model
  m_TagString: Untagged
  m_Icon: {fileID: 0}
  m_NavMeshLayer: 0
  m_StaticEditorFlags: 0
  m_IsActive: 1
--- !u!4 &1145083769
Transform:
  m_ObjectHideFlags: 0
  m_PrefabParentObject: {fileID: 400006, guid: 21ef29e816cc71a45b83cd3652228921, type: 2}
  m_PrefabInternal: {fileID: 1007506836}
  m_GameObject: {fileID: 1145083768}
  m_LocalRotation: {x: 0, y: -.999872863, z: 0, w: .0159494486}
  m_LocalPosition: {x: 0, y: 0, z: 0}
  m_LocalScale: {x: 1, y: 1, z: 1}
  m_LocalEulerAnglesHint: {x: 0, y: -178.172241, z: 0}
  m_Children:
  - {fileID: 2098362291}
  - {fileID: 1194098083}
  m_Father: {fileID: 959244831}
--- !u!1 &1194098082
GameObject:
  m_ObjectHideFlags: 0
  m_PrefabParentObject: {fileID: 100000, guid: 21ef29e816cc71a45b83cd3652228921, type: 2}
  m_PrefabInternal: {fileID: 1007506836}
  serializedVersion: 3
  m_Component:
  - 4: {fileID: 1194098083}
  - 33: {fileID: 1194098085}
  - 65: {fileID: 1194098086}
  - 23: {fileID: 1194098084}
  m_Layer: 8
  m_Name: Cube
  m_TagString: Untagged
  m_Icon: {fileID: 0}
  m_NavMeshLayer: 0
  m_StaticEditorFlags: 0
  m_IsActive: 1
--- !u!4 &1194098083
Transform:
  m_ObjectHideFlags: 0
  m_PrefabParentObject: {fileID: 400000, guid: 21ef29e816cc71a45b83cd3652228921, type: 2}
  m_PrefabInternal: {fileID: 1007506836}
  m_GameObject: {fileID: 1194098082}
  m_LocalRotation: {x: 0, y: 1, z: 0, w: -4.37113883e-08}
  m_LocalPosition: {x: 0, y: 0, z: -0}
  m_LocalScale: {x: 1, y: .345349431, z: 3.44378996}
  m_LocalEulerAnglesHint: {x: 0, y: 180.000015, z: 0}
  m_Children: []
  m_Father: {fileID: 1145083769}
--- !u!23 &1194098084
Renderer:
  m_ObjectHideFlags: 0
  m_PrefabParentObject: {fileID: 2300000, guid: 21ef29e816cc71a45b83cd3652228921,
    type: 2}
  m_PrefabInternal: {fileID: 1007506836}
  m_GameObject: {fileID: 1194098082}
  m_Enabled: 1
  m_CastShadows: 1
  m_ReceiveShadows: 1
  m_LightmapIndex: 255
  m_LightmapTilingOffset: {x: 1, y: 1, z: 0, w: 0}
  m_Materials:
  - {fileID: 2100000, guid: 9d0422698e3fc5d4b82045abe2e303d3, type: 2}
  m_SubsetIndices: 
  m_StaticBatchRoot: {fileID: 0}
  m_UseLightProbes: 0
  m_LightProbeAnchor: {fileID: 0}
  m_ScaleInLightmap: 1
--- !u!33 &1194098085
MeshFilter:
  m_ObjectHideFlags: 0
  m_PrefabParentObject: {fileID: 3300000, guid: 21ef29e816cc71a45b83cd3652228921,
    type: 2}
  m_PrefabInternal: {fileID: 1007506836}
  m_GameObject: {fileID: 1194098082}
  m_Mesh: {fileID: 10202, guid: 0000000000000000e000000000000000, type: 0}
--- !u!65 &1194098086
BoxCollider:
  m_ObjectHideFlags: 0
  m_PrefabParentObject: {fileID: 6500000, guid: 21ef29e816cc71a45b83cd3652228921,
    type: 2}
  m_PrefabInternal: {fileID: 1007506836}
  m_GameObject: {fileID: 1194098082}
  m_Material: {fileID: 0}
  m_IsTrigger: 0
  m_Enabled: 1
  serializedVersion: 2
  m_Size: {x: 1, y: 1, z: 1.04500604}
  m_Center: {x: 0, y: 0, z: .0225030184}
--- !u!1 &1203888061
GameObject:
  m_ObjectHideFlags: 0
  m_PrefabParentObject: {fileID: 100012, guid: 21ef29e816cc71a45b83cd3652228921, type: 2}
  m_PrefabInternal: {fileID: 1007506836}
  serializedVersion: 3
  m_Component:
  - 4: {fileID: 1203888062}
  m_Layer: 8
  m_Name: HarpoonStart
  m_TagString: Untagged
  m_Icon: {fileID: 0}
  m_NavMeshLayer: 0
  m_StaticEditorFlags: 0
  m_IsActive: 1
--- !u!4 &1203888062
Transform:
  m_ObjectHideFlags: 0
  m_PrefabParentObject: {fileID: 400012, guid: 21ef29e816cc71a45b83cd3652228921, type: 2}
  m_PrefabInternal: {fileID: 1007506836}
  m_GameObject: {fileID: 1203888061}
  m_LocalRotation: {x: 0, y: 0, z: 0, w: 1}
  m_LocalPosition: {x: -.467999995, y: -.347000003, z: .781000018}
  m_LocalScale: {x: 1, y: 1, z: 1}
  m_LocalEulerAnglesHint: {x: 0, y: 0, z: 0}
  m_Children: []
  m_Father: {fileID: 959244831}
--- !u!1 &1328400373
GameObject:
  m_ObjectHideFlags: 0
  m_PrefabParentObject: {fileID: 100000, guid: 780611a67e8e941a2b3aa96e5915a793, type: 2}
  m_PrefabInternal: {fileID: 125807076}
  serializedVersion: 3
  m_Component:
  - 4: {fileID: 1328400374}
  - 33: {fileID: 1328400376}
  - 23: {fileID: 1328400375}
  - 114: {fileID: 1328400377}
  - 65: {fileID: 1328400378}
  m_Layer: 14
  m_Name: Daylight Water
  m_TagString: Untagged
  m_Icon: {fileID: 0}
  m_NavMeshLayer: 0
  m_StaticEditorFlags: 0
  m_IsActive: 1
--- !u!4 &1328400374
Transform:
  m_ObjectHideFlags: 0
  m_PrefabParentObject: {fileID: 400000, guid: 780611a67e8e941a2b3aa96e5915a793, type: 2}
  m_PrefabInternal: {fileID: 125807076}
  m_GameObject: {fileID: 1328400373}
  m_LocalRotation: {x: 0, y: 0, z: -1, w: -4.43210411e-08}
  m_LocalPosition: {x: -14.5026798, y: 68.7223969, z: -117.898331}
  m_LocalScale: {x: 112.092972, y: 7.00581074, z: 112.092972}
  m_LocalEulerAnglesHint: {x: 0, y: 0, z: -180}
  m_Children: []
  m_Father: {fileID: 0}
--- !u!23 &1328400375
Renderer:
  m_ObjectHideFlags: 0
  m_PrefabParentObject: {fileID: 2300000, guid: 780611a67e8e941a2b3aa96e5915a793,
    type: 2}
  m_PrefabInternal: {fileID: 125807076}
  m_GameObject: {fileID: 1328400373}
  m_Enabled: 1
  m_CastShadows: 0
  m_ReceiveShadows: 0
  m_LightmapIndex: 255
  m_LightmapTilingOffset: {x: 1, y: 1, z: 0, w: 0}
  m_Materials:
  - {fileID: 2100000, guid: ae162c0523ab4468bb03ef160eb672e2, type: 2}
  m_SubsetIndices: 
  m_StaticBatchRoot: {fileID: 0}
  m_UseLightProbes: 0
  m_LightProbeAnchor: {fileID: 0}
  m_ScaleInLightmap: 1
--- !u!33 &1328400376
MeshFilter:
  m_ObjectHideFlags: 0
  m_PrefabParentObject: {fileID: 3300000, guid: 780611a67e8e941a2b3aa96e5915a793,
    type: 2}
  m_PrefabInternal: {fileID: 125807076}
  m_GameObject: {fileID: 1328400373}
  m_Mesh: {fileID: 4300006, guid: ba6a41dc489914734857bb5924eb70ad, type: 3}
--- !u!114 &1328400377
MonoBehaviour:
  m_ObjectHideFlags: 0
  m_PrefabParentObject: {fileID: 11400000, guid: 780611a67e8e941a2b3aa96e5915a793,
    type: 2}
  m_PrefabInternal: {fileID: 125807076}
  m_GameObject: {fileID: 1328400373}
  m_Enabled: 1
  m_EditorHideFlags: 0
  m_Script: {fileID: 11500000, guid: a3d3ef1a5bbfb4e0a910fbbe5830b1f9, type: 1}
  m_Name: 
  m_WaterMode: 0
  m_DisablePixelLights: 1
  m_TextureSize: 256
  m_ClipPlaneOffset: .0700000003
  m_ReflectLayers:
    serializedVersion: 2
    m_Bits: 0
  m_RefractLayers:
    serializedVersion: 2
    m_Bits: 4294967295
--- !u!65 &1328400378
BoxCollider:
  m_ObjectHideFlags: 0
  m_PrefabParentObject: {fileID: 6500000, guid: 780611a67e8e941a2b3aa96e5915a793,
    type: 2}
  m_PrefabInternal: {fileID: 125807076}
  m_GameObject: {fileID: 1328400373}
  m_Material: {fileID: 0}
  m_IsTrigger: 0
  m_Enabled: 1
  serializedVersion: 2
  m_Size: {x: 1.99999928, y: .119999997, z: 1.99999881}
  m_Center: {x: -3.27825546e-07, y: 0, z: 3.27825546e-07}
--- !u!1 &1568650779
GameObject:
  m_ObjectHideFlags: 0
  m_PrefabParentObject: {fileID: 0}
  m_PrefabInternal: {fileID: 0}
  serializedVersion: 3
  m_Component:
  - 4: {fileID: 1568650780}
  m_Layer: 0
  m_Name: GameObject
  m_TagString: Untagged
  m_Icon: {fileID: 0}
  m_NavMeshLayer: 0
  m_StaticEditorFlags: 0
  m_IsActive: 1
--- !u!4 &1568650780
Transform:
  m_ObjectHideFlags: 0
  m_PrefabParentObject: {fileID: 0}
  m_PrefabInternal: {fileID: 0}
  m_GameObject: {fileID: 1568650779}
  m_LocalRotation: {x: 0, y: 0, z: 0, w: 1}
  m_LocalPosition: {x: -85.067421, y: 35.8358459, z: -141.855392}
  m_LocalScale: {x: 1, y: 1, z: 1}
  m_LocalEulerAnglesHint: {x: 0, y: 0, z: 0}
  m_Children: []
  m_Father: {fileID: 2104856438}
--- !u!1 &1625933334
GameObject:
  m_ObjectHideFlags: 0
  m_PrefabParentObject: {fileID: 0}
  m_PrefabInternal: {fileID: 0}
  serializedVersion: 3
  m_Component:
  - 4: {fileID: 1625933335}
  - 33: {fileID: 1625933337}
  - 65: {fileID: 1625933338}
  - 23: {fileID: 1625933336}
  m_Layer: 0
  m_Name: Ship
  m_TagString: Untagged
  m_Icon: {fileID: 0}
  m_NavMeshLayer: 0
  m_StaticEditorFlags: 0
  m_IsActive: 1
--- !u!4 &1625933335
Transform:
  m_ObjectHideFlags: 0
  m_PrefabParentObject: {fileID: 0}
  m_PrefabInternal: {fileID: 0}
  m_GameObject: {fileID: 1625933334}
  m_LocalRotation: {x: -.351539671, y: .217831269, z: .159912914, w: .896324337}
  m_LocalPosition: {x: -21.5987186, y: 74.6413269, z: -86.1641388}
  m_LocalScale: {x: 72.634491, y: 13.6205168, z: 13.6205168}
  m_LocalEulerAnglesHint: {x: -44.4153442, y: 22.9102936, z: 10.7731628}
  m_Children: []
  m_Father: {fileID: 0}
--- !u!23 &1625933336
Renderer:
  m_ObjectHideFlags: 0
  m_PrefabParentObject: {fileID: 0}
  m_PrefabInternal: {fileID: 0}
  m_GameObject: {fileID: 1625933334}
  m_Enabled: 1
  m_CastShadows: 1
  m_ReceiveShadows: 1
  m_LightmapIndex: 255
  m_LightmapTilingOffset: {x: 1, y: 1, z: 0, w: 0}
  m_Materials:
  - {fileID: 2100000, guid: 3e6aa88643a42c147867c0cec17153cb, type: 2}
  m_SubsetIndices: 
  m_StaticBatchRoot: {fileID: 0}
  m_UseLightProbes: 0
  m_LightProbeAnchor: {fileID: 0}
  m_ScaleInLightmap: 1
--- !u!33 &1625933337
MeshFilter:
  m_ObjectHideFlags: 0
  m_PrefabParentObject: {fileID: 0}
  m_PrefabInternal: {fileID: 0}
  m_GameObject: {fileID: 1625933334}
  m_Mesh: {fileID: 10202, guid: 0000000000000000e000000000000000, type: 0}
--- !u!65 &1625933338
BoxCollider:
  m_ObjectHideFlags: 0
  m_PrefabParentObject: {fileID: 0}
  m_PrefabInternal: {fileID: 0}
  m_GameObject: {fileID: 1625933334}
  m_Material: {fileID: 0}
  m_IsTrigger: 0
  m_Enabled: 1
  serializedVersion: 2
  m_Size: {x: 1, y: 1, z: 1}
  m_Center: {x: 0, y: 0, z: 0}
--- !u!1 &1748859389
GameObject:
  m_ObjectHideFlags: 0
  m_PrefabParentObject: {fileID: 100014, guid: 21ef29e816cc71a45b83cd3652228921, type: 2}
  m_PrefabInternal: {fileID: 1007506836}
  serializedVersion: 3
  m_Component:
  - 4: {fileID: 1748859390}
  - 198: {fileID: 1748859391}
  - 199: {fileID: 1748859392}
  m_Layer: 8
  m_Name: Bubbles
  m_TagString: DepthCharge
  m_Icon: {fileID: 0}
  m_NavMeshLayer: 0
  m_StaticEditorFlags: 0
  m_IsActive: 1
--- !u!4 &1748859390
Transform:
  m_ObjectHideFlags: 0
  m_PrefabParentObject: {fileID: 400014, guid: 21ef29e816cc71a45b83cd3652228921, type: 2}
  m_PrefabInternal: {fileID: 1007506836}
  m_GameObject: {fileID: 1748859389}
  m_LocalRotation: {x: 0, y: -.752338886, z: 0, w: -.658776402}
  m_LocalPosition: {x: .178901911, y: .527404785, z: 1.34317219}
  m_LocalScale: {x: 1, y: 1, z: 1}
  m_LocalEulerAnglesHint: {x: 0, y: 97.5867767, z: 0}
  m_Children: []
  m_Father: {fileID: 959244831}
--- !u!198 &1748859391
ParticleSystem:
  m_ObjectHideFlags: 0
  m_PrefabParentObject: {fileID: 19800000, guid: 21ef29e816cc71a45b83cd3652228921,
    type: 2}
  m_PrefabInternal: {fileID: 1007506836}
  m_GameObject: {fileID: 1748859389}
  lengthInSec: 5
  startDelay: 0
  speed: 1
  randomSeed: 0
  looping: 0
  prewarm: 0
  playOnAwake: 0
  moveWithTransform: 0
  InitialModule:
    enabled: 1
    startLifetime:
      scalar: 90
      maxCurve:
        serializedVersion: 2
        m_Curve:
        - time: 0
          value: 1
          inSlope: 0
          outSlope: 0
          tangentMode: 0
        - time: 1
          value: 1
          inSlope: 0
          outSlope: 0
          tangentMode: 0
        m_PreInfinity: 2
        m_PostInfinity: 2
      minCurve:
        serializedVersion: 2
        m_Curve:
        - time: 0
          value: 0
          inSlope: 0
          outSlope: 0
          tangentMode: 0
        - time: 1
          value: 0
          inSlope: 0
          outSlope: 0
          tangentMode: 0
        m_PreInfinity: 2
        m_PostInfinity: 2
      minMaxState: 0
    startSpeed:
      scalar: .0399999991
      maxCurve:
        serializedVersion: 2
        m_Curve:
        - time: 0
          value: 1
          inSlope: 0
          outSlope: 0
          tangentMode: 0
        - time: 1
          value: 1
          inSlope: 0
          outSlope: 0
          tangentMode: 0
        m_PreInfinity: 2
        m_PostInfinity: 2
      minCurve:
        serializedVersion: 2
        m_Curve:
        - time: 0
          value: 0
          inSlope: 0
          outSlope: 0
          tangentMode: 0
        - time: 1
          value: 0
          inSlope: 0
          outSlope: 0
          tangentMode: 0
        m_PreInfinity: 2
        m_PostInfinity: 2
      minMaxState: 0
    startColor:
      maxGradient:
        key0:
          serializedVersion: 2
          rgba: 4294967295
        key1:
          serializedVersion: 2
          rgba: 4294967295
        key2:
          serializedVersion: 2
          rgba: 0
        key3:
          serializedVersion: 2
          rgba: 0
        key4:
          serializedVersion: 2
          rgba: 0
        key5:
          serializedVersion: 2
          rgba: 0
        key6:
          serializedVersion: 2
          rgba: 0
        key7:
          serializedVersion: 2
          rgba: 0
        ctime0: 0
        ctime1: 65535
        ctime2: 0
        ctime3: 0
        ctime4: 0
        ctime5: 0
        ctime6: 0
        ctime7: 0
        atime0: 0
        atime1: 65535
        atime2: 0
        atime3: 0
        atime4: 0
        atime5: 0
        atime6: 0
        atime7: 0
        m_NumColorKeys: 2
        m_NumAlphaKeys: 2
      minGradient:
        key0:
          serializedVersion: 2
          rgba: 4294967295
        key1:
          serializedVersion: 2
          rgba: 4294967295
        key2:
          serializedVersion: 2
          rgba: 0
        key3:
          serializedVersion: 2
          rgba: 0
        key4:
          serializedVersion: 2
          rgba: 0
        key5:
          serializedVersion: 2
          rgba: 0
        key6:
          serializedVersion: 2
          rgba: 0
        key7:
          serializedVersion: 2
          rgba: 0
        ctime0: 0
        ctime1: 65535
        ctime2: 0
        ctime3: 0
        ctime4: 0
        ctime5: 0
        ctime6: 0
        ctime7: 0
        atime0: 0
        atime1: 65535
        atime2: 0
        atime3: 0
        atime4: 0
        atime5: 0
        atime6: 0
        atime7: 0
        m_NumColorKeys: 2
        m_NumAlphaKeys: 2
      minColor:
        serializedVersion: 2
        rgba: 4294967295
      maxColor:
        serializedVersion: 2
        rgba: 4294967295
      minMaxState: 0
    startSize:
      scalar: .200000003
      maxCurve:
        serializedVersion: 2
        m_Curve:
        - time: 0
          value: 1
          inSlope: 0
          outSlope: 0
          tangentMode: 0
        m_PreInfinity: 2
        m_PostInfinity: 2
      minCurve:
        serializedVersion: 2
        m_Curve:
        - time: 0
          value: .25
          inSlope: 0
          outSlope: 0
          tangentMode: 0
        m_PreInfinity: 2
        m_PostInfinity: 2
      minMaxState: 3
    startRotation:
      scalar: 0
      maxCurve:
        serializedVersion: 2
        m_Curve:
        - time: 0
          value: 1
          inSlope: 0
          outSlope: 0
          tangentMode: 0
        - time: 1
          value: 1
          inSlope: 0
          outSlope: 0
          tangentMode: 0
        m_PreInfinity: 2
        m_PostInfinity: 2
      minCurve:
        serializedVersion: 2
        m_Curve:
        - time: 0
          value: 0
          inSlope: 0
          outSlope: 0
          tangentMode: 0
        - time: 1
          value: 0
          inSlope: 0
          outSlope: 0
          tangentMode: 0
        m_PreInfinity: 2
        m_PostInfinity: 2
      minMaxState: 0
    gravityModifier: -1
    inheritVelocity: 0
    maxNumParticles: 1000
  ShapeModule:
    enabled: 1
    type: 0
    radius: .300000012
    angle: 25
    boxX: 1
    boxY: 1
    boxZ: 1
    placementMode: 0
    m_Mesh: {fileID: 0}
    randomDirection: 1
  EmissionModule:
    enabled: 0
    m_Type: 0
    rate:
      scalar: 0
      maxCurve:
        serializedVersion: 2
        m_Curve:
        - time: 0
          value: 1
          inSlope: 0
          outSlope: 0
          tangentMode: 0
        - time: 1
          value: 1
          inSlope: 0
          outSlope: 0
          tangentMode: 0
        m_PreInfinity: 2
        m_PostInfinity: 2
      minCurve:
        serializedVersion: 2
        m_Curve:
        - time: 0
          value: 0
          inSlope: 0
          outSlope: 0
          tangentMode: 0
        - time: 1
          value: 0
          inSlope: 0
          outSlope: 0
          tangentMode: 0
        m_PreInfinity: 2
        m_PostInfinity: 2
      minMaxState: 0
    cnt0: 5
    cnt1: 5
    cnt2: 3
    cnt3: 5
    time0: 0
    time1: .300000012
    time2: .600000024
    time3: 1
    m_BurstCount: 4
  SizeModule:
    enabled: 1
    curve:
      scalar: 1
      maxCurve:
        serializedVersion: 2
        m_Curve:
        - time: 0
          value: 0
          inSlope: 0
          outSlope: 0
          tangentMode: 0
        - time: .000426555402
          value: .489130437
          inSlope: .214920521
          outSlope: .214920521
          tangentMode: 0
        - time: 1
          value: 1
          inSlope: 0
          outSlope: 0
          tangentMode: 0
        m_PreInfinity: 2
        m_PostInfinity: 2
      minCurve:
        serializedVersion: 2
        m_Curve:
        - time: 0
          value: 0
          inSlope: 0
          outSlope: 0
          tangentMode: 0
        - time: 1
          value: 0
          inSlope: 0
          outSlope: 0
          tangentMode: 0
        m_PreInfinity: 2
        m_PostInfinity: 2
      minMaxState: 1
  RotationModule:
    enabled: 0
    curve:
      scalar: .785398185
      maxCurve:
        serializedVersion: 2
        m_Curve:
        - time: 0
          value: 1
          inSlope: 0
          outSlope: 0
          tangentMode: 0
        - time: 1
          value: 1
          inSlope: 0
          outSlope: 0
          tangentMode: 0
        m_PreInfinity: 2
        m_PostInfinity: 2
      minCurve:
        serializedVersion: 2
        m_Curve:
        - time: 0
          value: 0
          inSlope: 0
          outSlope: 0
          tangentMode: 0
        - time: 1
          value: 0
          inSlope: 0
          outSlope: 0
          tangentMode: 0
        m_PreInfinity: 2
        m_PostInfinity: 2
      minMaxState: 0
  ColorModule:
    enabled: 0
    gradient:
      maxGradient:
        key0:
          serializedVersion: 2
          rgba: 4294967295
        key1:
          serializedVersion: 2
          rgba: 4294967295
        key2:
          serializedVersion: 2
          rgba: 0
        key3:
          serializedVersion: 2
          rgba: 0
        key4:
          serializedVersion: 2
          rgba: 0
        key5:
          serializedVersion: 2
          rgba: 0
        key6:
          serializedVersion: 2
          rgba: 0
        key7:
          serializedVersion: 2
          rgba: 0
        ctime0: 0
        ctime1: 65535
        ctime2: 0
        ctime3: 0
        ctime4: 0
        ctime5: 0
        ctime6: 0
        ctime7: 0
        atime0: 0
        atime1: 65535
        atime2: 0
        atime3: 0
        atime4: 0
        atime5: 0
        atime6: 0
        atime7: 0
        m_NumColorKeys: 2
        m_NumAlphaKeys: 2
      minGradient:
        key0:
          serializedVersion: 2
          rgba: 4294967295
        key1:
          serializedVersion: 2
          rgba: 4294967295
        key2:
          serializedVersion: 2
          rgba: 0
        key3:
          serializedVersion: 2
          rgba: 0
        key4:
          serializedVersion: 2
          rgba: 0
        key5:
          serializedVersion: 2
          rgba: 0
        key6:
          serializedVersion: 2
          rgba: 0
        key7:
          serializedVersion: 2
          rgba: 0
        ctime0: 0
        ctime1: 65535
        ctime2: 0
        ctime3: 0
        ctime4: 0
        ctime5: 0
        ctime6: 0
        ctime7: 0
        atime0: 0
        atime1: 65535
        atime2: 0
        atime3: 0
        atime4: 0
        atime5: 0
        atime6: 0
        atime7: 0
        m_NumColorKeys: 2
        m_NumAlphaKeys: 2
      minColor:
        serializedVersion: 2
        rgba: 4294967295
      maxColor:
        serializedVersion: 2
        rgba: 4294967295
      minMaxState: 1
  UVModule:
    enabled: 1
    frameOverTime:
      scalar: .5
      maxCurve:
        serializedVersion: 2
        m_Curve:
        - time: 0
          value: 1
          inSlope: 0
          outSlope: 0
          tangentMode: 0
        m_PreInfinity: 2
        m_PostInfinity: 2
      minCurve:
        serializedVersion: 2
        m_Curve:
        - time: 0
          value: 0
          inSlope: 0
          outSlope: 0
          tangentMode: 0
        m_PreInfinity: 2
        m_PostInfinity: 2
      minMaxState: 0
    tilesX: 1
    tilesY: 4
    animationType: 1
    rowIndex: 0
    cycles: 1
    randomRow: 1
  VelocityModule:
    enabled: 1
    x:
      scalar: 0
      maxCurve:
        serializedVersion: 2
        m_Curve:
        - time: 0
          value: 1
          inSlope: 0
          outSlope: 0
          tangentMode: 0
        - time: 1
          value: 1
          inSlope: 0
          outSlope: 0
          tangentMode: 0
        m_PreInfinity: 2
        m_PostInfinity: 2
      minCurve:
        serializedVersion: 2
        m_Curve:
        - time: 0
          value: 0
          inSlope: 0
          outSlope: 0
          tangentMode: 0
        - time: 1
          value: 0
          inSlope: 0
          outSlope: 0
          tangentMode: 0
        m_PreInfinity: 2
        m_PostInfinity: 2
      minMaxState: 0
    y:
      scalar: 30
      maxCurve:
        serializedVersion: 2
        m_Curve:
        - time: 0
          value: 1
          inSlope: 0
          outSlope: 0
          tangentMode: 0
        - time: 1
          value: 1
          inSlope: 0
          outSlope: 0
          tangentMode: 0
        m_PreInfinity: 2
        m_PostInfinity: 2
      minCurve:
        serializedVersion: 2
        m_Curve:
        - time: 0
          value: 0
          inSlope: 0
          outSlope: 0
          tangentMode: 0
        - time: 1
          value: 0
          inSlope: 0
          outSlope: 0
          tangentMode: 0
        m_PreInfinity: 2
        m_PostInfinity: 2
      minMaxState: 0
    z:
      scalar: 0
      maxCurve:
        serializedVersion: 2
        m_Curve:
        - time: 0
          value: 1
          inSlope: 0
          outSlope: 0
          tangentMode: 0
        - time: 1
          value: 1
          inSlope: 0
          outSlope: 0
          tangentMode: 0
        m_PreInfinity: 2
        m_PostInfinity: 2
      minCurve:
        serializedVersion: 2
        m_Curve:
        - time: 0
          value: 0
          inSlope: 0
          outSlope: 0
          tangentMode: 0
        - time: 1
          value: 0
          inSlope: 0
          outSlope: 0
          tangentMode: 0
        m_PreInfinity: 2
        m_PostInfinity: 2
      minMaxState: 0
    inWorldSpace: 1
  ForceModule:
    enabled: 0
    x:
      scalar: 0
      maxCurve:
        serializedVersion: 2
        m_Curve:
        - time: 0
          value: 1
          inSlope: 0
          outSlope: 0
          tangentMode: 0
        - time: 1
          value: 1
          inSlope: 0
          outSlope: 0
          tangentMode: 0
        m_PreInfinity: 2
        m_PostInfinity: 2
      minCurve:
        serializedVersion: 2
        m_Curve:
        - time: 0
          value: 0
          inSlope: 0
          outSlope: 0
          tangentMode: 0
        - time: 1
          value: 0
          inSlope: 0
          outSlope: 0
          tangentMode: 0
        m_PreInfinity: 2
        m_PostInfinity: 2
      minMaxState: 0
    y:
      scalar: 0
      maxCurve:
        serializedVersion: 2
        m_Curve:
        - time: 0
          value: 1
          inSlope: 0
          outSlope: 0
          tangentMode: 0
        - time: 1
          value: 1
          inSlope: 0
          outSlope: 0
          tangentMode: 0
        m_PreInfinity: 2
        m_PostInfinity: 2
      minCurve:
        serializedVersion: 2
        m_Curve:
        - time: 0
          value: 0
          inSlope: 0
          outSlope: 0
          tangentMode: 0
        - time: 1
          value: 0
          inSlope: 0
          outSlope: 0
          tangentMode: 0
        m_PreInfinity: 2
        m_PostInfinity: 2
      minMaxState: 0
    z:
      scalar: 0
      maxCurve:
        serializedVersion: 2
        m_Curve:
        - time: 0
          value: 1
          inSlope: 0
          outSlope: 0
          tangentMode: 0
        - time: 1
          value: 1
          inSlope: 0
          outSlope: 0
          tangentMode: 0
        m_PreInfinity: 2
        m_PostInfinity: 2
      minCurve:
        serializedVersion: 2
        m_Curve:
        - time: 0
          value: 0
          inSlope: 0
          outSlope: 0
          tangentMode: 0
        - time: 1
          value: 0
          inSlope: 0
          outSlope: 0
          tangentMode: 0
        m_PreInfinity: 2
        m_PostInfinity: 2
      minMaxState: 0
    inWorldSpace: 0
    randomizePerFrame: 0
  ClampVelocityModule:
    enabled: 1
    x:
      scalar: 1
      maxCurve:
        serializedVersion: 2
        m_Curve:
        - time: 0
          value: 1
          inSlope: 0
          outSlope: 0
          tangentMode: 0
        - time: .0341749266
          value: -.0666631013
          inSlope: .230831757
          outSlope: .230831757
          tangentMode: 0
        - time: 1
          value: -.0869565234
          inSlope: 0
          outSlope: 0
          tangentMode: 0
        m_PreInfinity: 2
        m_PostInfinity: 2
      minCurve:
        serializedVersion: 2
        m_Curve:
        - time: 0
          value: 0
          inSlope: 0
          outSlope: 0
          tangentMode: 0
        - time: 1
          value: 0
          inSlope: 0
          outSlope: 0
          tangentMode: 0
        m_PreInfinity: 2
        m_PostInfinity: 2
      minMaxState: 1
    y:
      scalar: 1
      maxCurve:
        serializedVersion: 2
        m_Curve:
        - time: 0
          value: 1
          inSlope: 0
          outSlope: 0
          tangentMode: 0
        - time: .0235042702
          value: 1
          inSlope: 0
          outSlope: 0
          tangentMode: 0
        m_PreInfinity: 2
        m_PostInfinity: 2
      minCurve:
        serializedVersion: 2
        m_Curve:
        - time: 0
          value: 0
          inSlope: 0
          outSlope: 0
          tangentMode: 0
        - time: 1
          value: 0
          inSlope: 0
          outSlope: 0
          tangentMode: 0
        m_PreInfinity: 2
        m_PostInfinity: 2
      minMaxState: 1
    z:
      scalar: 1
      maxCurve:
        serializedVersion: 2
        m_Curve:
        - time: 0
          value: 1
          inSlope: 0
          outSlope: 0
          tangentMode: 0
        - time: .0300606657
          value: -.00772459432
          inSlope: -.341961354
          outSlope: -.341961354
          tangentMode: 0
        - time: .989316106
          value: .000218894711
          inSlope: -.0510698743
          outSlope: -.0510698743
          tangentMode: 0
        - time: .997863233
          value: -1.11758709e-08
          inSlope: 0
          outSlope: 0
          tangentMode: 0
        m_PreInfinity: 2
        m_PostInfinity: 2
      minCurve:
        serializedVersion: 2
        m_Curve:
        - time: 0
          value: 0
          inSlope: 0
          outSlope: 0
          tangentMode: 0
        - time: 1
          value: 0
          inSlope: 0
          outSlope: 0
          tangentMode: 0
        m_PreInfinity: 2
        m_PostInfinity: 2
      minMaxState: 1
    magnitude:
      scalar: 1
      maxCurve:
        serializedVersion: 2
        m_Curve:
        - time: 0
          value: 1
          inSlope: 0
          outSlope: 0
          tangentMode: 0
        - time: 1
          value: 1
          inSlope: 0
          outSlope: 0
          tangentMode: 0
        m_PreInfinity: 2
        m_PostInfinity: 2
      minCurve:
        serializedVersion: 2
        m_Curve:
        - time: 0
          value: 0
          inSlope: 0
          outSlope: 0
          tangentMode: 0
        - time: 1
          value: 0
          inSlope: 0
          outSlope: 0
          tangentMode: 0
        m_PreInfinity: 2
        m_PostInfinity: 2
      minMaxState: 0
    separateAxis: 1
    dampen: 1
  SizeBySpeedModule:
    enabled: 0
    curve:
      scalar: 1
      maxCurve:
        serializedVersion: 2
        m_Curve:
        - time: 0
          value: 1
          inSlope: 0
          outSlope: 0
          tangentMode: 0
        - time: 1
          value: 1
          inSlope: 0
          outSlope: 0
          tangentMode: 0
        m_PreInfinity: 2
        m_PostInfinity: 2
      minCurve:
        serializedVersion: 2
        m_Curve:
        - time: 0
          value: 0
          inSlope: 0
          outSlope: 0
          tangentMode: 0
        - time: 1
          value: 0
          inSlope: 0
          outSlope: 0
          tangentMode: 0
        m_PreInfinity: 2
        m_PostInfinity: 2
      minMaxState: 1
    range: {x: 0, y: 1}
  RotationBySpeedModule:
    enabled: 0
    curve:
      scalar: .785398185
      maxCurve:
        serializedVersion: 2
        m_Curve:
        - time: 0
          value: 1
          inSlope: 0
          outSlope: 0
          tangentMode: 0
        - time: 1
          value: 1
          inSlope: 0
          outSlope: 0
          tangentMode: 0
        m_PreInfinity: 2
        m_PostInfinity: 2
      minCurve:
        serializedVersion: 2
        m_Curve:
        - time: 0
          value: 0
          inSlope: 0
          outSlope: 0
          tangentMode: 0
        - time: 1
          value: 0
          inSlope: 0
          outSlope: 0
          tangentMode: 0
        m_PreInfinity: 2
        m_PostInfinity: 2
      minMaxState: 0
    range: {x: 0, y: 1}
  ColorBySpeedModule:
    enabled: 0
    gradient:
      maxGradient:
        key0:
          serializedVersion: 2
          rgba: 4294967295
        key1:
          serializedVersion: 2
          rgba: 4294967295
        key2:
          serializedVersion: 2
          rgba: 0
        key3:
          serializedVersion: 2
          rgba: 0
        key4:
          serializedVersion: 2
          rgba: 0
        key5:
          serializedVersion: 2
          rgba: 0
        key6:
          serializedVersion: 2
          rgba: 0
        key7:
          serializedVersion: 2
          rgba: 0
        ctime0: 0
        ctime1: 65535
        ctime2: 0
        ctime3: 0
        ctime4: 0
        ctime5: 0
        ctime6: 0
        ctime7: 0
        atime0: 0
        atime1: 65535
        atime2: 0
        atime3: 0
        atime4: 0
        atime5: 0
        atime6: 0
        atime7: 0
        m_NumColorKeys: 2
        m_NumAlphaKeys: 2
      minGradient:
        key0:
          serializedVersion: 2
          rgba: 4294967295
        key1:
          serializedVersion: 2
          rgba: 4294967295
        key2:
          serializedVersion: 2
          rgba: 0
        key3:
          serializedVersion: 2
          rgba: 0
        key4:
          serializedVersion: 2
          rgba: 0
        key5:
          serializedVersion: 2
          rgba: 0
        key6:
          serializedVersion: 2
          rgba: 0
        key7:
          serializedVersion: 2
          rgba: 0
        ctime0: 0
        ctime1: 65535
        ctime2: 0
        ctime3: 0
        ctime4: 0
        ctime5: 0
        ctime6: 0
        ctime7: 0
        atime0: 0
        atime1: 65535
        atime2: 0
        atime3: 0
        atime4: 0
        atime5: 0
        atime6: 0
        atime7: 0
        m_NumColorKeys: 2
        m_NumAlphaKeys: 2
      minColor:
        serializedVersion: 2
        rgba: 4294967295
      maxColor:
        serializedVersion: 2
        rgba: 4294967295
      minMaxState: 1
    range: {x: 0, y: 1}
  CollisionModule:
    enabled: 0
    type: 0
    plane0: {fileID: 0}
    plane1: {fileID: 0}
    plane2: {fileID: 0}
    plane3: {fileID: 0}
    plane4: {fileID: 0}
    plane5: {fileID: 0}
    dampen: 0
    bounce: 1
    energyLossOnCollision: 0
    minKillSpeed: 0
  SubModule:
    enabled: 0
    subEmitterBirth: {fileID: 0}
    subEmitterDeath: {fileID: 0}
    subEmitterCollision: {fileID: 0}
--- !u!199 &1748859392
ParticleSystemRenderer:
  m_ObjectHideFlags: 0
  m_PrefabParentObject: {fileID: 19900000, guid: 21ef29e816cc71a45b83cd3652228921,
    type: 2}
  m_PrefabInternal: {fileID: 1007506836}
  m_GameObject: {fileID: 1748859389}
  m_Enabled: 1
  m_CastShadows: 0
  m_ReceiveShadows: 0
  m_LightmapIndex: 255
  m_LightmapTilingOffset: {x: 1, y: 1, z: 0, w: 0}
  m_Materials:
  - {fileID: 2100000, guid: 2305f1b0490e0da4bb2d7a6e2457156f, type: 2}
  m_SubsetIndices: 
  m_StaticBatchRoot: {fileID: 0}
  m_UseLightProbes: 0
  m_LightProbeAnchor: {fileID: 0}
  m_ScaleInLightmap: 1
  m_RenderMode: 0
  m_MaxParticleSize: 10
  m_CameraVelocityScale: 0
  m_VelocityScale: 0
  m_LengthScale: 2
  m_SortingFudge: 0
  m_SortMode: 0
  m_Mesh: {fileID: 10207, guid: 0000000000000000e000000000000000, type: 0}
--- !u!1 &1755336469
GameObject:
  m_ObjectHideFlags: 0
  m_PrefabParentObject: {fileID: 0}
  m_PrefabInternal: {fileID: 0}
  serializedVersion: 3
  m_Component:
  - 4: {fileID: 1755336470}
  - 65: {fileID: 1755336471}
  - 114: {fileID: 1755336472}
  m_Layer: 0
  m_Name: SiltTrigger
  m_TagString: Untagged
  m_Icon: {fileID: 0}
  m_NavMeshLayer: 0
  m_StaticEditorFlags: 0
  m_IsActive: 1
--- !u!4 &1755336470
Transform:
  m_ObjectHideFlags: 0
  m_PrefabParentObject: {fileID: 0}
  m_PrefabInternal: {fileID: 0}
  m_GameObject: {fileID: 1755336469}
  m_LocalRotation: {x: 0, y: 0, z: 0, w: 1}
  m_LocalPosition: {x: -56.4838295, y: -13.2608309, z: -104.201927}
  m_LocalScale: {x: 1, y: 1, z: 1}
  m_LocalEulerAnglesHint: {x: 0, y: 0, z: 0}
  m_Children: []
  m_Father: {fileID: 0}
--- !u!65 &1755336471
BoxCollider:
  m_ObjectHideFlags: 0
  m_PrefabParentObject: {fileID: 0}
  m_PrefabInternal: {fileID: 0}
  m_GameObject: {fileID: 1755336469}
  m_Material: {fileID: 0}
  m_IsTrigger: 1
  m_Enabled: 1
  serializedVersion: 2
  m_Size: {x: 59.9953842, y: 8.64672184, z: 66.1819}
  m_Center: {x: -1.32835007, y: 4.55851507, z: 4.28918457}
--- !u!114 &1755336472
MonoBehaviour:
  m_ObjectHideFlags: 0
  m_PrefabParentObject: {fileID: 0}
  m_PrefabInternal: {fileID: 0}
  m_GameObject: {fileID: 1755336469}
  m_Enabled: 1
  m_EditorHideFlags: 0
  m_Script: {fileID: 11500000, guid: 619de8ac3c1277b47a7b9d547ad77b79, type: 1}
  m_Name: 
  siltCloudPrefab: {fileID: 100000, guid: 8184e9cb32f86604f8a6892b7b1639a7, type: 2}
  siltOffsetFromScuba: {x: 0, y: -.5, z: -1.60000002}
  absY: -10
  cooldownPeriod: 1
--- !u!1 &1916633233
GameObject:
  m_ObjectHideFlags: 0
  m_PrefabParentObject: {fileID: 0}
  m_PrefabInternal: {fileID: 0}
  serializedVersion: 3
  m_Component:
  - 4: {fileID: 1916633234}
  - 65: {fileID: 1916633235}
  - 114: {fileID: 1916633236}
  m_Layer: 0
  m_Name: SiltTrigger
  m_TagString: Untagged
  m_Icon: {fileID: 0}
  m_NavMeshLayer: 0
  m_StaticEditorFlags: 0
  m_IsActive: 1
--- !u!4 &1916633234
Transform:
  m_ObjectHideFlags: 0
  m_PrefabParentObject: {fileID: 0}
  m_PrefabInternal: {fileID: 0}
  m_GameObject: {fileID: 1916633233}
  m_LocalRotation: {x: 0, y: 0, z: 0, w: 1}
  m_LocalPosition: {x: 24.2748528, y: -16.2720604, z: -114.005699}
  m_LocalScale: {x: 1, y: 1, z: 1}
  m_LocalEulerAnglesHint: {x: 0, y: 0, z: 0}
  m_Children: []
  m_Father: {fileID: 0}
--- !u!65 &1916633235
BoxCollider:
  m_ObjectHideFlags: 0
  m_PrefabParentObject: {fileID: 0}
  m_PrefabInternal: {fileID: 0}
  m_GameObject: {fileID: 1916633233}
  m_Material: {fileID: 0}
  m_IsTrigger: 1
  m_Enabled: 1
  serializedVersion: 2
  m_Size: {x: 59.9953842, y: 8.64672184, z: 110.066818}
  m_Center: {x: -1.32835007, y: 4.55851507, z: -17.6532745}
--- !u!114 &1916633236
MonoBehaviour:
  m_ObjectHideFlags: 0
  m_PrefabParentObject: {fileID: 0}
  m_PrefabInternal: {fileID: 0}
  m_GameObject: {fileID: 1916633233}
  m_Enabled: 1
  m_EditorHideFlags: 0
  m_Script: {fileID: 11500000, guid: 619de8ac3c1277b47a7b9d547ad77b79, type: 1}
  m_Name: 
  siltCloudPrefab: {fileID: 100000, guid: 8184e9cb32f86604f8a6892b7b1639a7, type: 2}
  siltOffsetFromScuba: {x: 0, y: -.5, z: -1.60000002}
  absY: -12
  cooldownPeriod: 1
--- !u!1 &1963191128
GameObject:
  m_ObjectHideFlags: 0
  m_PrefabParentObject: {fileID: 0}
  m_PrefabInternal: {fileID: 0}
  serializedVersion: 3
  m_Component:
  - 4: {fileID: 1963191129}
  m_Layer: 0
  m_Name: GameObject
  m_TagString: Untagged
  m_Icon: {fileID: 0}
  m_NavMeshLayer: 0
  m_StaticEditorFlags: 0
  m_IsActive: 1
--- !u!4 &1963191129
Transform:
  m_ObjectHideFlags: 0
  m_PrefabParentObject: {fileID: 0}
  m_PrefabInternal: {fileID: 0}
  m_GameObject: {fileID: 1963191128}
  m_LocalRotation: {x: 0, y: 0, z: 0, w: 1}
  m_LocalPosition: {x: 0, y: 35.8358459, z: -33.8957825}
  m_LocalScale: {x: 1, y: 1, z: 1}
  m_LocalEulerAnglesHint: {x: 0, y: 0, z: 0}
  m_Children: []
  m_Father: {fileID: 2104856438}
--- !u!1 &2098362290
GameObject:
  m_ObjectHideFlags: 0
  m_PrefabParentObject: {fileID: 100008, guid: 21ef29e816cc71a45b83cd3652228921, type: 2}
  m_PrefabInternal: {fileID: 1007506836}
  serializedVersion: 3
  m_Component:
  - 4: {fileID: 2098362291}
  - 33: {fileID: 2098362293}
  - 136: {fileID: 2098362294}
  - 23: {fileID: 2098362292}
  m_Layer: 8
  m_Name: Capsule
  m_TagString: Untagged
  m_Icon: {fileID: 0}
  m_NavMeshLayer: 0
  m_StaticEditorFlags: 0
  m_IsActive: 1
--- !u!4 &2098362291
Transform:
  m_ObjectHideFlags: 0
  m_PrefabParentObject: {fileID: 400008, guid: 21ef29e816cc71a45b83cd3652228921, type: 2}
  m_PrefabInternal: {fileID: 1007506836}
  m_GameObject: {fileID: 2098362290}
  m_LocalRotation: {x: .707105994, y: -1.39071962e-10, z: 5.44935819e-10, w: .707107604}
  m_LocalPosition: {x: -1.25579991e-09, y: .462135315, z: -.562660456}
  m_LocalScale: {x: .803178072, y: .803178072, z: .803178072}
  m_LocalEulerAnglesHint: {x: 90, y: 0, z: 0}
  m_Children: []
  m_Father: {fileID: 1145083769}
--- !u!23 &2098362292
Renderer:
  m_ObjectHideFlags: 0
  m_PrefabParentObject: {fileID: 2300002, guid: 21ef29e816cc71a45b83cd3652228921,
    type: 2}
  m_PrefabInternal: {fileID: 1007506836}
  m_GameObject: {fileID: 2098362290}
  m_Enabled: 1
  m_CastShadows: 1
  m_ReceiveShadows: 1
  m_LightmapIndex: 255
  m_LightmapTilingOffset: {x: 1, y: 1, z: 0, w: 0}
  m_Materials:
  - {fileID: 2100000, guid: b55cdf39360c8a24a8687b155db02104, type: 2}
  m_SubsetIndices: 
  m_StaticBatchRoot: {fileID: 0}
  m_UseLightProbes: 0
  m_LightProbeAnchor: {fileID: 0}
  m_ScaleInLightmap: 1
--- !u!33 &2098362293
MeshFilter:
  m_ObjectHideFlags: 0
  m_PrefabParentObject: {fileID: 3300002, guid: 21ef29e816cc71a45b83cd3652228921,
    type: 2}
  m_PrefabInternal: {fileID: 1007506836}
  m_GameObject: {fileID: 2098362290}
  m_Mesh: {fileID: 10208, guid: 0000000000000000e000000000000000, type: 0}
--- !u!136 &2098362294
CapsuleCollider:
  m_ObjectHideFlags: 0
  m_PrefabParentObject: {fileID: 13600000, guid: 21ef29e816cc71a45b83cd3652228921,
    type: 2}
  m_PrefabInternal: {fileID: 1007506836}
  m_GameObject: {fileID: 2098362290}
  m_Material: {fileID: 0}
  m_IsTrigger: 0
  m_Enabled: 1
  m_Radius: .500000119
  m_Height: 2
  m_Direction: 1
  m_Center: {x: 5.96046448e-08, y: 0, z: -8.94069672e-08}
--- !u!1 &2104856437
GameObject:
  m_ObjectHideFlags: 0
  m_PrefabParentObject: {fileID: 0}
  m_PrefabInternal: {fileID: 0}
  serializedVersion: 3
  m_Component:
  - 4: {fileID: 2104856438}
  m_Layer: 0
  m_Name: SpawnPoints
  m_TagString: Untagged
  m_Icon: {fileID: 0}
  m_NavMeshLayer: 0
  m_StaticEditorFlags: 0
  m_IsActive: 1
--- !u!4 &2104856438
Transform:
  m_ObjectHideFlags: 0
  m_PrefabParentObject: {fileID: 0}
  m_PrefabInternal: {fileID: 0}
  m_GameObject: {fileID: 2104856437}
  m_LocalRotation: {x: 0, y: 0, z: 0, w: 1}
  m_LocalPosition: {x: 0, y: 30.8589172, z: -30.4071217}
  m_LocalScale: {x: 1, y: 1, z: 1}
  m_LocalEulerAnglesHint: {x: 0, y: 0, z: 0}
  m_Children:
  - {fileID: 1963191129}
  - {fileID: 211850471}
  - {fileID: 1568650780}
  - {fileID: 927777410}
  - {fileID: 924135100}
  m_Father: {fileID: 0}
